%YAML 1.1
%TAG !u! tag:unity3d.com,2011:
--- !u!1 &7693038560512565253
GameObject:
  m_ObjectHideFlags: 0
  m_CorrespondingSourceObject: {fileID: 0}
  m_PrefabInstance: {fileID: 0}
  m_PrefabAsset: {fileID: 0}
  serializedVersion: 6
  m_Component:
  - component: {fileID: 5350603551219766056}
  - component: {fileID: 3970793035856175636}
  - component: {fileID: 1802545205662290379}
  - component: {fileID: 2042657672611034633}
  - component: {fileID: 3124345316139053291}
  - component: {fileID: 3444829744317649192}
  - component: {fileID: 5860121983664140236}
  m_Layer: 12
  m_Name: Large Waterfall
  m_TagString: Untagged
  m_Icon: {fileID: 0}
  m_NavMeshLayer: 0
  m_StaticEditorFlags: 0
  m_IsActive: 1
--- !u!4 &5350603551219766056
Transform:
  m_ObjectHideFlags: 0
  m_CorrespondingSourceObject: {fileID: 0}
  m_PrefabInstance: {fileID: 0}
  m_PrefabAsset: {fileID: 0}
  m_GameObject: {fileID: 7693038560512565253}
  m_LocalRotation: {x: 0.50000006, y: 0.50000006, z: -0.5, w: 0.5}
  m_LocalPosition: {x: -8.9, y: 9.9, z: -50.7}
  m_LocalScale: {x: 0.5, y: 1, z: 1}
  m_Children:
  - {fileID: 3047435406517192385}
  m_Father: {fileID: 0}
  m_RootOrder: 0
  m_LocalEulerAnglesHint: {x: 90.00001, y: 0, z: -90.00001}
--- !u!33 &3970793035856175636
MeshFilter:
  m_ObjectHideFlags: 0
  m_CorrespondingSourceObject: {fileID: 0}
  m_PrefabInstance: {fileID: 0}
  m_PrefabAsset: {fileID: 0}
  m_GameObject: {fileID: 7693038560512565253}
  m_Mesh: {fileID: 0}
--- !u!23 &1802545205662290379
MeshRenderer:
  m_ObjectHideFlags: 0
  m_CorrespondingSourceObject: {fileID: 0}
  m_PrefabInstance: {fileID: 0}
  m_PrefabAsset: {fileID: 0}
  m_GameObject: {fileID: 7693038560512565253}
  m_Enabled: 1
  m_CastShadows: 1
  m_ReceiveShadows: 1
  m_DynamicOccludee: 1
  m_MotionVectors: 1
  m_LightProbeUsage: 1
  m_ReflectionProbeUsage: 1
  m_RayTracingMode: 2
  m_RenderingLayerMask: 1
  m_RendererPriority: 0
  m_Materials:
  - {fileID: 2100000, guid: 609140340089346e09cd7f42f3b3ff24, type: 2}
  m_StaticBatchInfo:
    firstSubMesh: 0
    subMeshCount: 0
  m_StaticBatchRoot: {fileID: 0}
  m_ProbeAnchor: {fileID: 0}
  m_LightProbeVolumeOverride: {fileID: 0}
  m_ScaleInLightmap: 1
  m_ReceiveGI: 1
  m_PreserveUVs: 0
  m_IgnoreNormalsForChartDetection: 0
  m_ImportantGI: 0
  m_StitchLightmapSeams: 0
  m_SelectedEditorRenderState: 2
  m_MinimumChartSize: 4
  m_AutoUVMaxDistance: 0.5
  m_AutoUVMaxAngle: 89
  m_LightmapParameters: {fileID: 0}
  m_SortingLayerID: 0
  m_SortingLayer: 0
  m_SortingOrder: 0
--- !u!114 &2042657672611034633
MonoBehaviour:
  m_ObjectHideFlags: 0
  m_CorrespondingSourceObject: {fileID: 0}
  m_PrefabInstance: {fileID: 0}
  m_PrefabAsset: {fileID: 0}
  m_GameObject: {fileID: 7693038560512565253}
  m_Enabled: 1
  m_EditorHideFlags: 0
  m_Script: {fileID: 11500000, guid: 8233d90336aea43098adf6dbabd606a2, type: 3}
  m_Name: 
  m_EditorClassIdentifier: 
  m_MeshFormatVersion: 1
  m_Faces:
  - m_Indexes: 000000000100000002000000010000000300000002000000
    m_SmoothingGroup: 0
    m_Uv:
      m_UseWorldSpace: 0
      m_FlipU: 0
      m_FlipV: 0
      m_SwapUV: 0
      m_Fill: 1
      m_Scale: {x: 1, y: 1}
      m_Offset: {x: 0, y: 0}
      m_Rotation: 0
      m_Anchor: 9
    m_Material: {fileID: 0}
    m_SubmeshIndex: 0
    m_ManualUV: 0
    elementGroup: -1
    m_TextureGroup: -1
  - m_Indexes: 040000000500000006000000050000000700000006000000
    m_SmoothingGroup: 0
    m_Uv:
      m_UseWorldSpace: 0
      m_FlipU: 0
      m_FlipV: 0
      m_SwapUV: 0
      m_Fill: 1
      m_Scale: {x: 1, y: 1}
      m_Offset: {x: 0, y: 0}
      m_Rotation: 0
      m_Anchor: 9
    m_Material: {fileID: 0}
    m_SubmeshIndex: 0
    m_ManualUV: 0
    elementGroup: -1
    m_TextureGroup: -1
  - m_Indexes: 08000000090000000a000000090000000b0000000a000000
    m_SmoothingGroup: 0
    m_Uv:
      m_UseWorldSpace: 0
      m_FlipU: 0
      m_FlipV: 0
      m_SwapUV: 0
      m_Fill: 1
      m_Scale: {x: 1, y: 1}
      m_Offset: {x: 0, y: 0}
      m_Rotation: 0
      m_Anchor: 9
    m_Material: {fileID: 0}
    m_SubmeshIndex: 0
    m_ManualUV: 0
    elementGroup: -1
    m_TextureGroup: -1
  - m_Indexes: 0c0000000d0000000e0000000d0000000f0000000e000000
    m_SmoothingGroup: 0
    m_Uv:
      m_UseWorldSpace: 0
      m_FlipU: 0
      m_FlipV: 0
      m_SwapUV: 0
      m_Fill: 1
      m_Scale: {x: 1, y: 1}
      m_Offset: {x: 0, y: 0}
      m_Rotation: 0
      m_Anchor: 9
    m_Material: {fileID: 0}
    m_SubmeshIndex: 0
    m_ManualUV: 0
    elementGroup: -1
    m_TextureGroup: -1
  - m_Indexes: 100000001100000012000000110000001300000012000000
    m_SmoothingGroup: 0
    m_Uv:
      m_UseWorldSpace: 0
      m_FlipU: 0
      m_FlipV: 0
      m_SwapUV: 0
      m_Fill: 1
      m_Scale: {x: 1, y: 1}
      m_Offset: {x: 0, y: 0}
      m_Rotation: 0
      m_Anchor: 9
    m_Material: {fileID: 0}
    m_SubmeshIndex: 0
    m_ManualUV: 0
    elementGroup: -1
    m_TextureGroup: -1
  - m_Indexes: 140000001500000016000000150000001700000016000000
    m_SmoothingGroup: 0
    m_Uv:
      m_UseWorldSpace: 0
      m_FlipU: 0
      m_FlipV: 0
      m_SwapUV: 0
      m_Fill: 1
      m_Scale: {x: 1, y: 1}
      m_Offset: {x: 0, y: 0}
      m_Rotation: 0
      m_Anchor: 9
    m_Material: {fileID: 0}
    m_SubmeshIndex: 0
    m_ManualUV: 0
    elementGroup: -1
    m_TextureGroup: -1
  - m_Indexes: 18000000190000001a000000190000001b0000001a000000
    m_SmoothingGroup: 0
    m_Uv:
      m_UseWorldSpace: 0
      m_FlipU: 0
      m_FlipV: 0
      m_SwapUV: 0
      m_Fill: 1
      m_Scale: {x: 1, y: 1}
      m_Offset: {x: 0, y: 0}
      m_Rotation: 0
      m_Anchor: 9
    m_Material: {fileID: 0}
    m_SubmeshIndex: 0
    m_ManualUV: 0
    elementGroup: -1
    m_TextureGroup: -1
  - m_Indexes: 1c0000001d0000001e0000001d0000001f0000001e000000
    m_SmoothingGroup: 0
    m_Uv:
      m_UseWorldSpace: 0
      m_FlipU: 0
      m_FlipV: 0
      m_SwapUV: 0
      m_Fill: 1
      m_Scale: {x: 1, y: 1}
      m_Offset: {x: 0, y: 0}
      m_Rotation: 0
      m_Anchor: 9
    m_Material: {fileID: 0}
    m_SubmeshIndex: 0
    m_ManualUV: 0
    elementGroup: -1
    m_TextureGroup: -1
  - m_Indexes: 200000002100000022000000210000002300000022000000
    m_SmoothingGroup: 0
    m_Uv:
      m_UseWorldSpace: 0
      m_FlipU: 0
      m_FlipV: 0
      m_SwapUV: 0
      m_Fill: 1
      m_Scale: {x: 1, y: 1}
      m_Offset: {x: 0, y: 0}
      m_Rotation: 0
      m_Anchor: 9
    m_Material: {fileID: 0}
    m_SubmeshIndex: 0
    m_ManualUV: 0
    elementGroup: -1
    m_TextureGroup: -1
  - m_Indexes: 240000002500000026000000250000002700000026000000
    m_SmoothingGroup: 0
    m_Uv:
      m_UseWorldSpace: 0
      m_FlipU: 0
      m_FlipV: 0
      m_SwapUV: 0
      m_Fill: 1
      m_Scale: {x: 1, y: 1}
      m_Offset: {x: 0, y: 0}
      m_Rotation: 0
      m_Anchor: 9
    m_Material: {fileID: 0}
    m_SubmeshIndex: 0
    m_ManualUV: 0
    elementGroup: -1
    m_TextureGroup: -1
  - m_Indexes: 28000000290000002a000000290000002b0000002a000000
    m_SmoothingGroup: 0
    m_Uv:
      m_UseWorldSpace: 0
      m_FlipU: 0
      m_FlipV: 0
      m_SwapUV: 0
      m_Fill: 1
      m_Scale: {x: 1, y: 1}
      m_Offset: {x: 0, y: 0}
      m_Rotation: 0
      m_Anchor: 9
    m_Material: {fileID: 0}
    m_SubmeshIndex: 0
    m_ManualUV: 0
    elementGroup: -1
    m_TextureGroup: -1
  - m_Indexes: 2c0000002d0000002e0000002d0000002f0000002e000000
    m_SmoothingGroup: 0
    m_Uv:
      m_UseWorldSpace: 0
      m_FlipU: 0
      m_FlipV: 0
      m_SwapUV: 0
      m_Fill: 1
      m_Scale: {x: 1, y: 1}
      m_Offset: {x: 0, y: 0}
      m_Rotation: 0
      m_Anchor: 9
    m_Material: {fileID: 0}
    m_SubmeshIndex: 0
    m_ManualUV: 0
    elementGroup: -1
    m_TextureGroup: -1
  - m_Indexes: 300000003100000032000000310000003300000032000000
    m_SmoothingGroup: 0
    m_Uv:
      m_UseWorldSpace: 0
      m_FlipU: 0
      m_FlipV: 0
      m_SwapUV: 0
      m_Fill: 1
      m_Scale: {x: 1, y: 1}
      m_Offset: {x: 0, y: 0}
      m_Rotation: 0
      m_Anchor: 9
    m_Material: {fileID: 0}
    m_SubmeshIndex: 0
    m_ManualUV: 0
    elementGroup: -1
    m_TextureGroup: -1
  - m_Indexes: 340000003500000036000000350000003700000036000000
    m_SmoothingGroup: 0
    m_Uv:
      m_UseWorldSpace: 0
      m_FlipU: 0
      m_FlipV: 0
      m_SwapUV: 0
      m_Fill: 1
      m_Scale: {x: 1, y: 1}
      m_Offset: {x: 0, y: 0}
      m_Rotation: 0
      m_Anchor: 9
    m_Material: {fileID: 0}
    m_SubmeshIndex: 0
    m_ManualUV: 0
    elementGroup: -1
    m_TextureGroup: -1
  - m_Indexes: 38000000390000003a000000390000003b0000003a000000
    m_SmoothingGroup: 0
    m_Uv:
      m_UseWorldSpace: 0
      m_FlipU: 0
      m_FlipV: 0
      m_SwapUV: 0
      m_Fill: 1
      m_Scale: {x: 1, y: 1}
      m_Offset: {x: 0, y: 0}
      m_Rotation: 0
      m_Anchor: 9
    m_Material: {fileID: 0}
    m_SubmeshIndex: 0
    m_ManualUV: 0
    elementGroup: -1
    m_TextureGroup: -1
  - m_Indexes: 3c0000003d0000003e0000003d0000003f0000003e000000
    m_SmoothingGroup: 0
    m_Uv:
      m_UseWorldSpace: 0
      m_FlipU: 0
      m_FlipV: 0
      m_SwapUV: 0
      m_Fill: 1
      m_Scale: {x: 1, y: 1}
      m_Offset: {x: 0, y: 0}
      m_Rotation: 0
      m_Anchor: 9
    m_Material: {fileID: 0}
    m_SubmeshIndex: 0
    m_ManualUV: 0
    elementGroup: -1
    m_TextureGroup: -1
  - m_Indexes: 400000004100000042000000410000004300000042000000
    m_SmoothingGroup: 0
    m_Uv:
      m_UseWorldSpace: 0
      m_FlipU: 0
      m_FlipV: 0
      m_SwapUV: 0
      m_Fill: 1
      m_Scale: {x: 1, y: 1}
      m_Offset: {x: 0, y: 0}
      m_Rotation: 0
      m_Anchor: 9
    m_Material: {fileID: 0}
    m_SubmeshIndex: 0
    m_ManualUV: 0
    elementGroup: -1
    m_TextureGroup: -1
  - m_Indexes: 440000004500000046000000450000004700000046000000
    m_SmoothingGroup: 0
    m_Uv:
      m_UseWorldSpace: 0
      m_FlipU: 0
      m_FlipV: 0
      m_SwapUV: 0
      m_Fill: 1
      m_Scale: {x: 1, y: 1}
      m_Offset: {x: 0, y: 0}
      m_Rotation: 0
      m_Anchor: 9
    m_Material: {fileID: 0}
    m_SubmeshIndex: 0
    m_ManualUV: 0
    elementGroup: -1
    m_TextureGroup: -1
  - m_Indexes: 48000000490000004a000000490000004b0000004a000000
    m_SmoothingGroup: 0
    m_Uv:
      m_UseWorldSpace: 0
      m_FlipU: 0
      m_FlipV: 0
      m_SwapUV: 0
      m_Fill: 1
      m_Scale: {x: 1, y: 1}
      m_Offset: {x: 0, y: 0}
      m_Rotation: 0
      m_Anchor: 9
    m_Material: {fileID: 0}
    m_SubmeshIndex: 0
    m_ManualUV: 0
    elementGroup: -1
    m_TextureGroup: -1
  - m_Indexes: 4c0000004d0000004e0000004d0000004f0000004e000000
    m_SmoothingGroup: 0
    m_Uv:
      m_UseWorldSpace: 0
      m_FlipU: 0
      m_FlipV: 0
      m_SwapUV: 0
      m_Fill: 1
      m_Scale: {x: 1, y: 1}
      m_Offset: {x: 0, y: 0}
      m_Rotation: 0
      m_Anchor: 9
    m_Material: {fileID: 0}
    m_SubmeshIndex: 0
    m_ManualUV: 0
    elementGroup: -1
    m_TextureGroup: -1
  - m_Indexes: 500000005100000052000000510000005300000052000000
    m_SmoothingGroup: 0
    m_Uv:
      m_UseWorldSpace: 0
      m_FlipU: 0
      m_FlipV: 0
      m_SwapUV: 0
      m_Fill: 1
      m_Scale: {x: 1, y: 1}
      m_Offset: {x: 0, y: 0}
      m_Rotation: 0
      m_Anchor: 9
    m_Material: {fileID: 0}
    m_SubmeshIndex: 0
    m_ManualUV: 0
    elementGroup: -1
    m_TextureGroup: -1
  - m_Indexes: 540000005500000056000000550000005700000056000000
    m_SmoothingGroup: 0
    m_Uv:
      m_UseWorldSpace: 0
      m_FlipU: 0
      m_FlipV: 0
      m_SwapUV: 0
      m_Fill: 1
      m_Scale: {x: 1, y: 1}
      m_Offset: {x: 0, y: 0}
      m_Rotation: 0
      m_Anchor: 9
    m_Material: {fileID: 0}
    m_SubmeshIndex: 0
    m_ManualUV: 0
    elementGroup: -1
    m_TextureGroup: -1
  - m_Indexes: 58000000590000005a000000590000005b0000005a000000
    m_SmoothingGroup: 0
    m_Uv:
      m_UseWorldSpace: 0
      m_FlipU: 0
      m_FlipV: 0
      m_SwapUV: 0
      m_Fill: 1
      m_Scale: {x: 1, y: 1}
      m_Offset: {x: 0, y: 0}
      m_Rotation: 0
      m_Anchor: 9
    m_Material: {fileID: 0}
    m_SubmeshIndex: 0
    m_ManualUV: 0
    elementGroup: -1
    m_TextureGroup: -1
  - m_Indexes: 5c0000005d0000005e0000005d0000005f0000005e000000
    m_SmoothingGroup: 0
    m_Uv:
      m_UseWorldSpace: 0
      m_FlipU: 0
      m_FlipV: 0
      m_SwapUV: 0
      m_Fill: 1
      m_Scale: {x: 1, y: 1}
      m_Offset: {x: 0, y: 0}
      m_Rotation: 0
      m_Anchor: 9
    m_Material: {fileID: 0}
    m_SubmeshIndex: 0
    m_ManualUV: 0
    elementGroup: -1
    m_TextureGroup: -1
  - m_Indexes: 600000006100000062000000610000006300000062000000
    m_SmoothingGroup: 0
    m_Uv:
      m_UseWorldSpace: 0
      m_FlipU: 0
      m_FlipV: 0
      m_SwapUV: 0
      m_Fill: 1
      m_Scale: {x: 1, y: 1}
      m_Offset: {x: 0, y: 0}
      m_Rotation: 0
      m_Anchor: 9
    m_Material: {fileID: 0}
    m_SubmeshIndex: 0
    m_ManualUV: 0
    elementGroup: -1
    m_TextureGroup: -1
  - m_Indexes: 640000006500000066000000650000006700000066000000
    m_SmoothingGroup: 0
    m_Uv:
      m_UseWorldSpace: 0
      m_FlipU: 0
      m_FlipV: 0
      m_SwapUV: 0
      m_Fill: 1
      m_Scale: {x: 1, y: 1}
      m_Offset: {x: 0, y: 0}
      m_Rotation: 0
      m_Anchor: 9
    m_Material: {fileID: 0}
    m_SubmeshIndex: 0
    m_ManualUV: 0
    elementGroup: -1
    m_TextureGroup: -1
  - m_Indexes: 68000000690000006a000000690000006b0000006a000000
    m_SmoothingGroup: 0
    m_Uv:
      m_UseWorldSpace: 0
      m_FlipU: 0
      m_FlipV: 0
      m_SwapUV: 0
      m_Fill: 1
      m_Scale: {x: 1, y: 1}
      m_Offset: {x: 0, y: 0}
      m_Rotation: 0
      m_Anchor: 9
    m_Material: {fileID: 0}
    m_SubmeshIndex: 0
    m_ManualUV: 0
    elementGroup: -1
    m_TextureGroup: -1
  - m_Indexes: 6c0000006d0000006e0000006d0000006f0000006e000000
    m_SmoothingGroup: 0
    m_Uv:
      m_UseWorldSpace: 0
      m_FlipU: 0
      m_FlipV: 0
      m_SwapUV: 0
      m_Fill: 1
      m_Scale: {x: 1, y: 1}
      m_Offset: {x: 0, y: 0}
      m_Rotation: 0
      m_Anchor: 9
    m_Material: {fileID: 0}
    m_SubmeshIndex: 0
    m_ManualUV: 0
    elementGroup: -1
    m_TextureGroup: -1
  - m_Indexes: 700000007100000072000000710000007300000072000000
    m_SmoothingGroup: 0
    m_Uv:
      m_UseWorldSpace: 0
      m_FlipU: 0
      m_FlipV: 0
      m_SwapUV: 0
      m_Fill: 1
      m_Scale: {x: 1, y: 1}
      m_Offset: {x: 0, y: 0}
      m_Rotation: 0
      m_Anchor: 9
    m_Material: {fileID: 0}
    m_SubmeshIndex: 0
    m_ManualUV: 0
    elementGroup: -1
    m_TextureGroup: -1
  - m_Indexes: 740000007500000076000000750000007700000076000000
    m_SmoothingGroup: 0
    m_Uv:
      m_UseWorldSpace: 0
      m_FlipU: 0
      m_FlipV: 0
      m_SwapUV: 0
      m_Fill: 1
      m_Scale: {x: 1, y: 1}
      m_Offset: {x: 0, y: 0}
      m_Rotation: 0
      m_Anchor: 9
    m_Material: {fileID: 0}
    m_SubmeshIndex: 0
    m_ManualUV: 0
    elementGroup: -1
    m_TextureGroup: -1
  - m_Indexes: 78000000790000007a000000790000007b0000007a000000
    m_SmoothingGroup: 0
    m_Uv:
      m_UseWorldSpace: 0
      m_FlipU: 0
      m_FlipV: 0
      m_SwapUV: 0
      m_Fill: 1
      m_Scale: {x: 1, y: 1}
      m_Offset: {x: 0, y: 0}
      m_Rotation: 0
      m_Anchor: 9
    m_Material: {fileID: 0}
    m_SubmeshIndex: 0
    m_ManualUV: 0
    elementGroup: -1
    m_TextureGroup: -1
  - m_Indexes: 7c0000007d0000007e0000007d0000007f0000007e000000
    m_SmoothingGroup: 0
    m_Uv:
      m_UseWorldSpace: 0
      m_FlipU: 0
      m_FlipV: 0
      m_SwapUV: 0
      m_Fill: 1
      m_Scale: {x: 1, y: 1}
      m_Offset: {x: 0, y: 0}
      m_Rotation: 0
      m_Anchor: 9
    m_Material: {fileID: 0}
    m_SubmeshIndex: 0
    m_ManualUV: 0
    elementGroup: -1
    m_TextureGroup: -1
  - m_Indexes: 800000008100000082000000810000008300000082000000
    m_SmoothingGroup: 0
    m_Uv:
      m_UseWorldSpace: 0
      m_FlipU: 0
      m_FlipV: 0
      m_SwapUV: 0
      m_Fill: 1
      m_Scale: {x: 1, y: 1}
      m_Offset: {x: 0, y: 0}
      m_Rotation: 0
      m_Anchor: 9
    m_Material: {fileID: 0}
    m_SubmeshIndex: 0
    m_ManualUV: 0
    elementGroup: -1
    m_TextureGroup: -1
  - m_Indexes: 840000008500000086000000850000008700000086000000
    m_SmoothingGroup: 0
    m_Uv:
      m_UseWorldSpace: 0
      m_FlipU: 0
      m_FlipV: 0
      m_SwapUV: 0
      m_Fill: 1
      m_Scale: {x: 1, y: 1}
      m_Offset: {x: 0, y: 0}
      m_Rotation: 0
      m_Anchor: 9
    m_Material: {fileID: 0}
    m_SubmeshIndex: 0
    m_ManualUV: 0
    elementGroup: -1
    m_TextureGroup: -1
  - m_Indexes: 88000000890000008a000000890000008b0000008a000000
    m_SmoothingGroup: 0
    m_Uv:
      m_UseWorldSpace: 0
      m_FlipU: 0
      m_FlipV: 0
      m_SwapUV: 0
      m_Fill: 1
      m_Scale: {x: 1, y: 1}
      m_Offset: {x: 0, y: 0}
      m_Rotation: 0
      m_Anchor: 9
    m_Material: {fileID: 0}
    m_SubmeshIndex: 0
    m_ManualUV: 0
    elementGroup: -1
    m_TextureGroup: -1
  - m_Indexes: 8c0000008d0000008e0000008d0000008f0000008e000000
    m_SmoothingGroup: 0
    m_Uv:
      m_UseWorldSpace: 0
      m_FlipU: 0
      m_FlipV: 0
      m_SwapUV: 0
      m_Fill: 1
      m_Scale: {x: 1, y: 1}
      m_Offset: {x: 0, y: 0}
      m_Rotation: 0
      m_Anchor: 9
    m_Material: {fileID: 0}
    m_SubmeshIndex: 0
    m_ManualUV: 0
    elementGroup: -1
    m_TextureGroup: -1
  - m_Indexes: 900000009100000092000000910000009300000092000000
    m_SmoothingGroup: 0
    m_Uv:
      m_UseWorldSpace: 0
      m_FlipU: 0
      m_FlipV: 0
      m_SwapUV: 0
      m_Fill: 1
      m_Scale: {x: 1, y: 1}
      m_Offset: {x: 0, y: 0}
      m_Rotation: 0
      m_Anchor: 9
    m_Material: {fileID: 0}
    m_SubmeshIndex: 0
    m_ManualUV: 0
    elementGroup: -1
    m_TextureGroup: -1
  - m_Indexes: 940000009500000096000000950000009700000096000000
    m_SmoothingGroup: 0
    m_Uv:
      m_UseWorldSpace: 0
      m_FlipU: 0
      m_FlipV: 0
      m_SwapUV: 0
      m_Fill: 1
      m_Scale: {x: 1, y: 1}
      m_Offset: {x: 0, y: 0}
      m_Rotation: 0
      m_Anchor: 9
    m_Material: {fileID: 0}
    m_SubmeshIndex: 0
    m_ManualUV: 0
    elementGroup: -1
    m_TextureGroup: -1
  - m_Indexes: 98000000990000009a000000990000009b0000009a000000
    m_SmoothingGroup: 0
    m_Uv:
      m_UseWorldSpace: 0
      m_FlipU: 0
      m_FlipV: 0
      m_SwapUV: 0
      m_Fill: 1
      m_Scale: {x: 1, y: 1}
      m_Offset: {x: 0, y: 0}
      m_Rotation: 0
      m_Anchor: 9
    m_Material: {fileID: 0}
    m_SubmeshIndex: 0
    m_ManualUV: 0
    elementGroup: -1
    m_TextureGroup: -1
  - m_Indexes: 9c0000009d0000009e0000009d0000009f0000009e000000
    m_SmoothingGroup: 0
    m_Uv:
      m_UseWorldSpace: 0
      m_FlipU: 0
      m_FlipV: 0
      m_SwapUV: 0
      m_Fill: 1
      m_Scale: {x: 1, y: 1}
      m_Offset: {x: 0, y: 0}
      m_Rotation: 0
      m_Anchor: 9
    m_Material: {fileID: 0}
    m_SubmeshIndex: 0
    m_ManualUV: 0
    elementGroup: -1
    m_TextureGroup: -1
  - m_Indexes: a0000000a1000000a2000000a1000000a3000000a2000000
    m_SmoothingGroup: 0
    m_Uv:
      m_UseWorldSpace: 0
      m_FlipU: 0
      m_FlipV: 0
      m_SwapUV: 0
      m_Fill: 1
      m_Scale: {x: 1, y: 1}
      m_Offset: {x: 0, y: 0}
      m_Rotation: 0
      m_Anchor: 9
    m_Material: {fileID: 0}
    m_SubmeshIndex: 0
    m_ManualUV: 0
    elementGroup: -1
    m_TextureGroup: -1
  - m_Indexes: a4000000a5000000a6000000a5000000a7000000a6000000
    m_SmoothingGroup: 0
    m_Uv:
      m_UseWorldSpace: 0
      m_FlipU: 0
      m_FlipV: 0
      m_SwapUV: 0
      m_Fill: 1
      m_Scale: {x: 1, y: 1}
      m_Offset: {x: 0, y: 0}
      m_Rotation: 0
      m_Anchor: 9
    m_Material: {fileID: 0}
    m_SubmeshIndex: 0
    m_ManualUV: 0
    elementGroup: -1
    m_TextureGroup: -1
  - m_Indexes: a8000000a9000000aa000000a9000000ab000000aa000000
    m_SmoothingGroup: 0
    m_Uv:
      m_UseWorldSpace: 0
      m_FlipU: 0
      m_FlipV: 0
      m_SwapUV: 0
      m_Fill: 1
      m_Scale: {x: 1, y: 1}
      m_Offset: {x: 0, y: 0}
      m_Rotation: 0
      m_Anchor: 9
    m_Material: {fileID: 0}
    m_SubmeshIndex: 0
    m_ManualUV: 0
    elementGroup: -1
    m_TextureGroup: -1
  - m_Indexes: ac000000ad000000ae000000ad000000af000000ae000000
    m_SmoothingGroup: 0
    m_Uv:
      m_UseWorldSpace: 0
      m_FlipU: 0
      m_FlipV: 0
      m_SwapUV: 0
      m_Fill: 1
      m_Scale: {x: 1, y: 1}
      m_Offset: {x: 0, y: 0}
      m_Rotation: 0
      m_Anchor: 9
    m_Material: {fileID: 0}
    m_SubmeshIndex: 0
    m_ManualUV: 0
    elementGroup: -1
    m_TextureGroup: -1
  - m_Indexes: b0000000b1000000b2000000b1000000b3000000b2000000
    m_SmoothingGroup: 0
    m_Uv:
      m_UseWorldSpace: 0
      m_FlipU: 0
      m_FlipV: 0
      m_SwapUV: 0
      m_Fill: 1
      m_Scale: {x: 1, y: 1}
      m_Offset: {x: 0, y: 0}
      m_Rotation: 0
      m_Anchor: 9
    m_Material: {fileID: 0}
    m_SubmeshIndex: 0
    m_ManualUV: 0
    elementGroup: -1
    m_TextureGroup: -1
  - m_Indexes: b4000000b5000000b6000000b5000000b7000000b6000000
    m_SmoothingGroup: 0
    m_Uv:
      m_UseWorldSpace: 0
      m_FlipU: 0
      m_FlipV: 0
      m_SwapUV: 0
      m_Fill: 1
      m_Scale: {x: 1, y: 1}
      m_Offset: {x: 0, y: 0}
      m_Rotation: 0
      m_Anchor: 9
    m_Material: {fileID: 0}
    m_SubmeshIndex: 0
    m_ManualUV: 0
    elementGroup: -1
    m_TextureGroup: -1
  - m_Indexes: b8000000b9000000ba000000b9000000bb000000ba000000
    m_SmoothingGroup: 0
    m_Uv:
      m_UseWorldSpace: 0
      m_FlipU: 0
      m_FlipV: 0
      m_SwapUV: 0
      m_Fill: 1
      m_Scale: {x: 1, y: 1}
      m_Offset: {x: 0, y: 0}
      m_Rotation: 0
      m_Anchor: 9
    m_Material: {fileID: 0}
    m_SubmeshIndex: 0
    m_ManualUV: 0
    elementGroup: -1
    m_TextureGroup: -1
  - m_Indexes: bc000000bd000000be000000bd000000bf000000be000000
    m_SmoothingGroup: 0
    m_Uv:
      m_UseWorldSpace: 0
      m_FlipU: 0
      m_FlipV: 0
      m_SwapUV: 0
      m_Fill: 1
      m_Scale: {x: 1, y: 1}
      m_Offset: {x: 0, y: 0}
      m_Rotation: 0
      m_Anchor: 9
    m_Material: {fileID: 0}
    m_SubmeshIndex: 0
    m_ManualUV: 0
    elementGroup: -1
    m_TextureGroup: -1
  - m_Indexes: c0000000c1000000c2000000c1000000c3000000c2000000
    m_SmoothingGroup: 0
    m_Uv:
      m_UseWorldSpace: 0
      m_FlipU: 0
      m_FlipV: 0
      m_SwapUV: 0
      m_Fill: 1
      m_Scale: {x: 1, y: 1}
      m_Offset: {x: 0, y: 0}
      m_Rotation: 0
      m_Anchor: 9
    m_Material: {fileID: 0}
    m_SubmeshIndex: 0
    m_ManualUV: 0
    elementGroup: -1
    m_TextureGroup: -1
  - m_Indexes: c4000000c5000000c6000000c5000000c7000000c6000000
    m_SmoothingGroup: 0
    m_Uv:
      m_UseWorldSpace: 0
      m_FlipU: 0
      m_FlipV: 0
      m_SwapUV: 0
      m_Fill: 1
      m_Scale: {x: 1, y: 1}
      m_Offset: {x: 0, y: 0}
      m_Rotation: 0
      m_Anchor: 9
    m_Material: {fileID: 0}
    m_SubmeshIndex: 0
    m_ManualUV: 0
    elementGroup: -1
    m_TextureGroup: -1
  - m_Indexes: c8000000c9000000ca000000c9000000cb000000ca000000
    m_SmoothingGroup: 0
    m_Uv:
      m_UseWorldSpace: 0
      m_FlipU: 0
      m_FlipV: 0
      m_SwapUV: 0
      m_Fill: 1
      m_Scale: {x: 1, y: 1}
      m_Offset: {x: 0, y: 0}
      m_Rotation: 0
      m_Anchor: 9
    m_Material: {fileID: 0}
    m_SubmeshIndex: 0
    m_ManualUV: 0
    elementGroup: -1
    m_TextureGroup: -1
  - m_Indexes: cc000000cd000000ce000000cd000000cf000000ce000000
    m_SmoothingGroup: 0
    m_Uv:
      m_UseWorldSpace: 0
      m_FlipU: 0
      m_FlipV: 0
      m_SwapUV: 0
      m_Fill: 1
      m_Scale: {x: 1, y: 1}
      m_Offset: {x: 0, y: 0}
      m_Rotation: 0
      m_Anchor: 9
    m_Material: {fileID: 0}
    m_SubmeshIndex: 0
    m_ManualUV: 0
    elementGroup: -1
    m_TextureGroup: -1
  - m_Indexes: d0000000d1000000d2000000d1000000d3000000d2000000
    m_SmoothingGroup: 0
    m_Uv:
      m_UseWorldSpace: 0
      m_FlipU: 0
      m_FlipV: 0
      m_SwapUV: 0
      m_Fill: 1
      m_Scale: {x: 1, y: 1}
      m_Offset: {x: 0, y: 0}
      m_Rotation: 0
      m_Anchor: 9
    m_Material: {fileID: 0}
    m_SubmeshIndex: 0
    m_ManualUV: 0
    elementGroup: -1
    m_TextureGroup: -1
  - m_Indexes: d4000000d5000000d6000000d5000000d7000000d6000000
    m_SmoothingGroup: 0
    m_Uv:
      m_UseWorldSpace: 0
      m_FlipU: 0
      m_FlipV: 0
      m_SwapUV: 0
      m_Fill: 1
      m_Scale: {x: 1, y: 1}
      m_Offset: {x: 0, y: 0}
      m_Rotation: 0
      m_Anchor: 9
    m_Material: {fileID: 0}
    m_SubmeshIndex: 0
    m_ManualUV: 0
    elementGroup: -1
    m_TextureGroup: -1
  m_SharedVertices:
  - m_Vertices: 0100000090000000
  - m_Vertices: 0300000049000000
  - m_Vertices: 0400000092000000
  - m_Vertices: 060000004c000000
  - m_Vertices: 00000000090000009100000098000000
  - m_Vertices: 020000000b0000004800000051000000
  - m_Vertices: 050000000c000000930000009a000000
  - m_Vertices: 070000000e0000004d00000054000000
  - m_Vertices: 080000001100000099000000a0000000
  - m_Vertices: 0a000000130000005000000059000000
  - m_Vertices: 0d000000140000009b000000a2000000
  - m_Vertices: 0f00000016000000550000005c000000
  - m_Vertices: 1000000019000000a1000000a8000000
  - m_Vertices: 120000001b0000005800000061000000
  - m_Vertices: 150000001c000000a3000000aa000000
  - m_Vertices: 170000001e0000005d00000064000000
  - m_Vertices: 1800000021000000a9000000b0000000
  - m_Vertices: 1a000000230000006000000069000000
  - m_Vertices: 1d00000024000000ab000000b2000000
  - m_Vertices: 1f00000026000000650000006c000000
  - m_Vertices: 2000000029000000b1000000b8000000
  - m_Vertices: 220000002b0000006800000071000000
  - m_Vertices: 250000002c000000b3000000ba000000
  - m_Vertices: 270000002e0000006d00000074000000
  - m_Vertices: 2800000031000000b9000000c0000000
  - m_Vertices: 2a000000330000007000000079000000
  - m_Vertices: 2d00000034000000bb000000c2000000
  - m_Vertices: 2f00000036000000750000007c000000
  - m_Vertices: 3000000039000000c1000000c8000000
  - m_Vertices: 320000003b0000007800000081000000
  - m_Vertices: 350000003c000000c3000000ca000000
  - m_Vertices: 370000003e0000007d00000084000000
  - m_Vertices: 3800000041000000c9000000d0000000
  - m_Vertices: 3a000000430000008000000089000000
  - m_Vertices: 3d00000044000000cb000000d2000000
  - m_Vertices: 3f00000046000000850000008c000000
  - m_Vertices: 40000000d1000000
  - m_Vertices: 4200000088000000
  - m_Vertices: 45000000d3000000
  - m_Vertices: 470000008d000000
  - m_Vertices: 4b00000095000000
  - m_Vertices: 4e00000097000000
  - m_Vertices: 4a00000053000000940000009d000000
  - m_Vertices: 4f00000056000000960000009f000000
  - m_Vertices: 520000005b0000009c000000a5000000
  - m_Vertices: 570000005e0000009e000000a7000000
  - m_Vertices: 5a00000063000000a4000000ad000000
  - m_Vertices: 5f00000066000000a6000000af000000
  - m_Vertices: 620000006b000000ac000000b5000000
  - m_Vertices: 670000006e000000ae000000b7000000
  - m_Vertices: 6a00000073000000b4000000bd000000
  - m_Vertices: 6f00000076000000b6000000bf000000
  - m_Vertices: 720000007b000000bc000000c5000000
  - m_Vertices: 770000007e000000be000000c7000000
  - m_Vertices: 7a00000083000000c4000000cd000000
  - m_Vertices: 7f00000086000000c6000000cf000000
  - m_Vertices: 820000008b000000cc000000d5000000
  - m_Vertices: 870000008e000000ce000000d7000000
  - m_Vertices: 8a000000d4000000
  - m_Vertices: 8f000000d6000000
  m_SharedTextures: []
  m_Positions:
  - {x: -80, y: 0, z: -0.0000034969112}
  - {x: -79.1259, y: 0, z: 8.316464}
  - {x: -80, y: 15, z: -0.0000034969112}
  - {x: -79.1259, y: 15, z: 8.316464}
  - {x: -77.53029, y: 0, z: 8.746106}
  - {x: -78.40242, y: 0, z: 0.44834995}
  - {x: -77.53029, y: 15, z: 8.746106}
  - {x: -78.40242, y: 15, z: 0.44834995}
  - {x: -79.1259, y: 0, z: -8.316471}
  - {x: -80, y: 0, z: -0.0000034969112}
  - {x: -79.1259, y: 15, z: -8.316471}
  - {x: -80, y: 15, z: -0.0000034969112}
  - {x: -78.40242, y: 0, z: 0.44834995}
  - {x: -77.53029, y: 0, z: -7.8494062}
  - {x: -78.40242, y: 15, z: 0.44834995}
  - {x: -77.53029, y: 15, z: -7.8494062}
  - {x: -76.541824, y: 0, z: -16.26946}
  - {x: -79.1259, y: 0, z: -8.316471}
  - {x: -76.541824, y: 15, z: -16.26946}
  - {x: -79.1259, y: 15, z: -8.316471}
  - {x: -77.53029, y: 0, z: -7.8494062}
  - {x: -74.95201, y: 0, z: -15.784503}
  - {x: -77.53029, y: 15, z: -7.8494062}
  - {x: -74.95201, y: 15, z: -15.784503}
  - {x: -72.36069, y: 0, z: -23.511406}
  - {x: -76.541824, y: 0, z: -16.26946}
  - {x: -72.36069, y: 15, z: -23.511406}
  - {x: -76.541824, y: 15, z: -16.26946}
  - {x: -74.95201, y: 0, z: -15.784503}
  - {x: -70.78029, y: 0, z: -23.01015}
  - {x: -74.95201, y: 15, z: -15.784503}
  - {x: -70.78029, y: 15, z: -23.01015}
  - {x: -66.76523, y: 0, z: -29.72579}
  - {x: -72.36069, y: 0, z: -23.511406}
  - {x: -66.76523, y: 15, z: -29.72579}
  - {x: -72.36069, y: 15, z: -23.511406}
  - {x: -70.78029, y: 0, z: -23.01015}
  - {x: -65.19742, y: 0, z: -29.210556}
  - {x: -70.78029, y: 15, z: -23.01015}
  - {x: -65.19742, y: 15, z: -29.210556}
  - {x: -59.999996, y: 0, z: -34.641018}
  - {x: -66.76523, y: 0, z: -29.72579}
  - {x: -59.999996, y: 15, z: -34.641018}
  - {x: -66.76523, y: 15, z: -29.72579}
  - {x: -65.19742, y: 0, z: -29.210556}
  - {x: -58.44741, y: 0, z: -34.114723}
  - {x: -65.19742, y: 15, z: -29.210556}
  - {x: -58.44741, y: 15, z: -34.114723}
  - {x: -52.360683, y: 0, z: -38.04226}
  - {x: -59.999996, y: 0, z: -34.641018}
  - {x: -52.360683, y: 15, z: -38.04226}
  - {x: -59.999996, y: 15, z: -34.641018}
  - {x: -58.44741, y: 0, z: -34.114723}
  - {x: -50.825287, y: 0, z: -37.508312}
  - {x: -58.44741, y: 15, z: -34.114723}
  - {x: -50.825287, y: 15, z: -37.508312}
  - {x: -44.181133, y: 0, z: -39.780876}
  - {x: -52.360683, y: 0, z: -38.04226}
  - {x: -44.181133, y: 15, z: -39.780876}
  - {x: -52.360683, y: 15, z: -38.04226}
  - {x: -50.825287, y: 0, z: -37.508312}
  - {x: -42.66414, y: 0, z: -39.243015}
  - {x: -50.825287, y: 15, z: -37.508312}
  - {x: -42.66414, y: 15, z: -39.243015}
  - {x: -35.818867, y: 0, z: -39.780876}
  - {x: -44.181133, y: 0, z: -39.780876}
  - {x: -35.818867, y: 15, z: -39.780876}
  - {x: -44.181133, y: 15, z: -39.780876}
  - {x: -42.66414, y: 0, z: -39.243015}
  - {x: -34.320694, y: 0, z: -39.243015}
  - {x: -42.66414, y: 15, z: -39.243015}
  - {x: -34.320694, y: 15, z: -39.243015}
  - {x: -80, y: 15, z: -0.0000034969112}
  - {x: -79.1259, y: 15, z: 8.316464}
  - {x: -80, y: 30, z: -0.0000034969112}
  - {x: -79.1259, y: 30, z: 8.316464}
  - {x: -77.53029, y: 15, z: 8.746106}
  - {x: -78.40242, y: 15, z: 0.44834995}
  - {x: -77.53029, y: 30, z: 8.746106}
  - {x: -78.40242, y: 30, z: 0.44834995}
  - {x: -79.1259, y: 15, z: -8.316471}
  - {x: -80, y: 15, z: -0.0000034969112}
  - {x: -79.1259, y: 30, z: -8.316471}
  - {x: -80, y: 30, z: -0.0000034969112}
  - {x: -78.40242, y: 15, z: 0.44834995}
  - {x: -77.53029, y: 15, z: -7.8494062}
  - {x: -78.40242, y: 30, z: 0.44834995}
  - {x: -77.53029, y: 30, z: -7.8494062}
  - {x: -76.541824, y: 15, z: -16.26946}
  - {x: -79.1259, y: 15, z: -8.316471}
  - {x: -76.541824, y: 30, z: -16.26946}
  - {x: -79.1259, y: 30, z: -8.316471}
  - {x: -77.53029, y: 15, z: -7.8494062}
  - {x: -74.95201, y: 15, z: -15.784503}
  - {x: -77.53029, y: 30, z: -7.8494062}
  - {x: -74.95201, y: 30, z: -15.784503}
  - {x: -72.36069, y: 15, z: -23.511406}
  - {x: -76.541824, y: 15, z: -16.26946}
  - {x: -72.36069, y: 30, z: -23.511406}
  - {x: -76.541824, y: 30, z: -16.26946}
  - {x: -74.95201, y: 15, z: -15.784503}
  - {x: -70.78029, y: 15, z: -23.01015}
  - {x: -74.95201, y: 30, z: -15.784503}
  - {x: -70.78029, y: 30, z: -23.01015}
  - {x: -66.76523, y: 15, z: -29.72579}
  - {x: -72.36069, y: 15, z: -23.511406}
  - {x: -66.76523, y: 30, z: -29.72579}
  - {x: -72.36069, y: 30, z: -23.511406}
  - {x: -70.78029, y: 15, z: -23.01015}
  - {x: -65.19742, y: 15, z: -29.210556}
  - {x: -70.78029, y: 30, z: -23.01015}
  - {x: -65.19742, y: 30, z: -29.210556}
  - {x: -59.999996, y: 15, z: -34.641018}
  - {x: -66.76523, y: 15, z: -29.72579}
  - {x: -59.999996, y: 30, z: -34.641018}
  - {x: -66.76523, y: 30, z: -29.72579}
  - {x: -65.19742, y: 15, z: -29.210556}
  - {x: -58.44741, y: 15, z: -34.114723}
  - {x: -65.19742, y: 30, z: -29.210556}
  - {x: -58.44741, y: 30, z: -34.114723}
  - {x: -52.360683, y: 15, z: -38.04226}
  - {x: -59.999996, y: 15, z: -34.641018}
  - {x: -52.360683, y: 30, z: -38.04226}
  - {x: -59.999996, y: 30, z: -34.641018}
  - {x: -58.44741, y: 15, z: -34.114723}
  - {x: -50.825287, y: 15, z: -37.508312}
  - {x: -58.44741, y: 30, z: -34.114723}
  - {x: -50.825287, y: 30, z: -37.508312}
  - {x: -44.181133, y: 15, z: -39.780876}
  - {x: -52.360683, y: 15, z: -38.04226}
  - {x: -44.181133, y: 30, z: -39.780876}
  - {x: -52.360683, y: 30, z: -38.04226}
  - {x: -50.825287, y: 15, z: -37.508312}
  - {x: -42.66414, y: 15, z: -39.243015}
  - {x: -50.825287, y: 30, z: -37.508312}
  - {x: -42.66414, y: 30, z: -39.243015}
  - {x: -35.818867, y: 15, z: -39.780876}
  - {x: -44.181133, y: 15, z: -39.780876}
  - {x: -35.818867, y: 30, z: -39.780876}
  - {x: -44.181133, y: 30, z: -39.780876}
  - {x: -42.66414, y: 15, z: -39.243015}
  - {x: -34.320694, y: 15, z: -39.243015}
  - {x: -42.66414, y: 30, z: -39.243015}
  - {x: -34.320694, y: 30, z: -39.243015}
  - {x: -79.1259, y: 0, z: 8.316464}
  - {x: -80, y: 0, z: -0.0000034969112}
  - {x: -77.53029, y: 0, z: 8.746106}
  - {x: -78.40242, y: 0, z: 0.44834995}
  - {x: -80, y: 30, z: -0.0000034969112}
  - {x: -79.1259, y: 30, z: 8.316464}
  - {x: -78.40242, y: 30, z: 0.44834995}
  - {x: -77.53029, y: 30, z: 8.746106}
  - {x: -80, y: 0, z: -0.0000034969112}
  - {x: -79.1259, y: 0, z: -8.316471}
  - {x: -78.40242, y: 0, z: 0.44834995}
  - {x: -77.53029, y: 0, z: -7.8494062}
  - {x: -79.1259, y: 30, z: -8.316471}
  - {x: -80, y: 30, z: -0.0000034969112}
  - {x: -77.53029, y: 30, z: -7.8494062}
  - {x: -78.40242, y: 30, z: 0.44834995}
  - {x: -79.1259, y: 0, z: -8.316471}
  - {x: -76.541824, y: 0, z: -16.26946}
  - {x: -77.53029, y: 0, z: -7.8494062}
  - {x: -74.95201, y: 0, z: -15.784503}
  - {x: -76.541824, y: 30, z: -16.26946}
  - {x: -79.1259, y: 30, z: -8.316471}
  - {x: -74.95201, y: 30, z: -15.784503}
  - {x: -77.53029, y: 30, z: -7.8494062}
  - {x: -76.541824, y: 0, z: -16.26946}
  - {x: -72.36069, y: 0, z: -23.511406}
  - {x: -74.95201, y: 0, z: -15.784503}
  - {x: -70.78029, y: 0, z: -23.01015}
  - {x: -72.36069, y: 30, z: -23.511406}
  - {x: -76.541824, y: 30, z: -16.26946}
  - {x: -70.78029, y: 30, z: -23.01015}
  - {x: -74.95201, y: 30, z: -15.784503}
  - {x: -72.36069, y: 0, z: -23.511406}
  - {x: -66.76523, y: 0, z: -29.72579}
  - {x: -70.78029, y: 0, z: -23.01015}
  - {x: -65.19742, y: 0, z: -29.210556}
  - {x: -66.76523, y: 30, z: -29.72579}
  - {x: -72.36069, y: 30, z: -23.511406}
  - {x: -65.19742, y: 30, z: -29.210556}
  - {x: -70.78029, y: 30, z: -23.01015}
  - {x: -66.76523, y: 0, z: -29.72579}
  - {x: -59.999996, y: 0, z: -34.641018}
  - {x: -65.19742, y: 0, z: -29.210556}
  - {x: -58.44741, y: 0, z: -34.114723}
  - {x: -59.999996, y: 30, z: -34.641018}
  - {x: -66.76523, y: 30, z: -29.72579}
  - {x: -58.44741, y: 30, z: -34.114723}
  - {x: -65.19742, y: 30, z: -29.210556}
  - {x: -59.999996, y: 0, z: -34.641018}
  - {x: -52.360683, y: 0, z: -38.04226}
  - {x: -58.44741, y: 0, z: -34.114723}
  - {x: -50.825287, y: 0, z: -37.508312}
  - {x: -52.360683, y: 30, z: -38.04226}
  - {x: -59.999996, y: 30, z: -34.641018}
  - {x: -50.825287, y: 30, z: -37.508312}
  - {x: -58.44741, y: 30, z: -34.114723}
  - {x: -52.360683, y: 0, z: -38.04226}
  - {x: -44.181133, y: 0, z: -39.780876}
  - {x: -50.825287, y: 0, z: -37.508312}
  - {x: -42.66414, y: 0, z: -39.243015}
  - {x: -44.181133, y: 30, z: -39.780876}
  - {x: -52.360683, y: 30, z: -38.04226}
  - {x: -42.66414, y: 30, z: -39.243015}
  - {x: -50.825287, y: 30, z: -37.508312}
  - {x: -44.181133, y: 0, z: -39.780876}
  - {x: -35.818867, y: 0, z: -39.780876}
  - {x: -42.66414, y: 0, z: -39.243015}
  - {x: -34.320694, y: 0, z: -39.243015}
  - {x: -35.818867, y: 30, z: -39.780876}
  - {x: -44.181133, y: 30, z: -39.780876}
  - {x: -34.320694, y: 30, z: -39.243015}
  - {x: -42.66414, y: 30, z: -39.243015}
  m_Textures0:
  - {x: 8.362315, y: 0}
  - {x: 0.00003740347, y: 0}
  - {x: 8.362315, y: 15}
  - {x: 0.00003740347, y: 15}
  - {x: 0.5940532, y: 0}
  - {x: -7.749409, y: 0}
  - {x: 0.5940532, y: 15}
  - {x: -7.749409, y: 15}
  - {x: -0.00003194339, y: 0}
  - {x: -8.362309, y: 0}
  - {x: -0.00003194339, y: 15}
  - {x: -8.362309, y: 15}
  - {x: 8.641197, y: 0}
  - {x: 0.29773444, y: 0}
  - {x: 8.641197, y: 15}
  - {x: 0.29773444, y: 15}
  - {x: -8.179485, y: 0}
  - {x: -16.541752, y: 0}
  - {x: -8.179485, y: 15}
  - {x: -16.541752, y: 15}
  - {x: 16.49302, y: 0}
  - {x: 8.149563, y: 0}
  - {x: 16.49302, y: 15}
  - {x: 8.149563, y: 15}
  - {x: -15.818853, y: 0}
  - {x: -24.181131, y: 0}
  - {x: -15.818853, y: 15}
  - {x: -24.181131, y: 15}
  - {x: 23.806168, y: 0}
  - {x: 15.462711, y: 0}
  - {x: 23.806168, y: 15}
  - {x: 15.462711, y: 15}
  - {x: -22.584105, y: 0}
  - {x: -30.946384, y: 0}
  - {x: -22.584105, y: 15}
  - {x: -30.946384, y: 15}
  - {x: 30.261389, y: 0}
  - {x: 21.91792, y: 0}
  - {x: 30.261389, y: 15}
  - {x: 21.91792, y: 15}
  - {x: -28.179546, y: 0}
  - {x: -36.541832, y: 0}
  - {x: -28.179546, y: 15}
  - {x: -36.541832, y: 15}
  - {x: 35.57629, y: 0}
  - {x: 27.232822, y: 0}
  - {x: 35.57629, y: 15}
  - {x: 27.232822, y: 15}
  - {x: -32.360683, y: 0}
  - {x: -40.72295, y: 0}
  - {x: -32.360683, y: 15}
  - {x: -40.72295, y: 15}
  - {x: 39.518654, y: 0}
  - {x: 31.1752, y: 0}
  - {x: 39.518654, y: 15}
  - {x: 31.1752, y: 15}
  - {x: -34.944763, y: 0}
  - {x: -43.30705, y: 0}
  - {x: -34.944763, y: 15}
  - {x: -43.30705, y: 15}
  - {x: 41.91623, y: 0}
  - {x: 33.572758, y: 0}
  - {x: 41.91623, y: 15}
  - {x: 33.572758, y: 15}
  - {x: -35.818867, y: 0}
  - {x: -44.181133, y: 0}
  - {x: -35.818867, y: 15}
  - {x: -44.181133, y: 15}
  - {x: 42.66414, y: 0}
  - {x: 34.320694, y: 0}
  - {x: 42.66414, y: 15}
  - {x: 34.320694, y: 15}
  - {x: 8.362315, y: 15}
  - {x: 0.00003740347, y: 15}
  - {x: 8.362315, y: 30}
  - {x: 0.00003740347, y: 30}
  - {x: 0.5940532, y: 15}
  - {x: -7.749409, y: 15}
  - {x: 0.5940532, y: 30}
  - {x: -7.749409, y: 30}
  - {x: -0.00003194339, y: 15}
  - {x: -8.362309, y: 15}
  - {x: -0.00003194339, y: 30}
  - {x: -8.362309, y: 30}
  - {x: 8.641197, y: 15}
  - {x: 0.29773444, y: 15}
  - {x: 8.641197, y: 30}
  - {x: 0.29773444, y: 30}
  - {x: -8.179485, y: 15}
  - {x: -16.541752, y: 15}
  - {x: -8.179485, y: 30}
  - {x: -16.541752, y: 30}
  - {x: 16.49302, y: 15}
  - {x: 8.149563, y: 15}
  - {x: 16.49302, y: 30}
  - {x: 8.149563, y: 30}
  - {x: -15.818853, y: 15}
  - {x: -24.181131, y: 15}
  - {x: -15.818853, y: 30}
  - {x: -24.181131, y: 30}
  - {x: 23.806168, y: 15}
  - {x: 15.462711, y: 15}
  - {x: 23.806168, y: 30}
  - {x: 15.462711, y: 30}
  - {x: -22.584105, y: 15}
  - {x: -30.946384, y: 15}
  - {x: -22.584105, y: 30}
  - {x: -30.946384, y: 30}
  - {x: 30.261389, y: 15}
  - {x: 21.91792, y: 15}
  - {x: 30.261389, y: 30}
  - {x: 21.91792, y: 30}
  - {x: -28.179546, y: 15}
  - {x: -36.541832, y: 15}
  - {x: -28.179546, y: 30}
  - {x: -36.541832, y: 30}
  - {x: 35.57629, y: 15}
  - {x: 27.232822, y: 15}
  - {x: 35.57629, y: 30}
  - {x: 27.232822, y: 30}
  - {x: -32.360683, y: 15}
  - {x: -40.72295, y: 15}
  - {x: -32.360683, y: 30}
  - {x: -40.72295, y: 30}
  - {x: 39.518654, y: 15}
  - {x: 31.1752, y: 15}
  - {x: 39.518654, y: 30}
  - {x: 31.1752, y: 30}
  - {x: -34.944763, y: 15}
  - {x: -43.30705, y: 15}
  - {x: -34.944763, y: 30}
  - {x: -43.30705, y: 30}
  - {x: 41.91623, y: 15}
  - {x: 33.572758, y: 15}
  - {x: 41.91623, y: 30}
  - {x: 33.572758, y: 30}
  - {x: -35.818867, y: 15}
  - {x: -44.181133, y: 15}
  - {x: -35.818867, y: 30}
  - {x: -44.181133, y: 30}
  - {x: 42.66414, y: 15}
  - {x: 34.320694, y: 15}
  - {x: 42.66414, y: 30}
  - {x: 34.320694, y: 30}
  - {x: 79.1259, y: 8.316464}
  - {x: 80, y: -0.0000034969112}
  - {x: 77.53029, y: 8.746106}
  - {x: 78.40242, y: 0.44834995}
  - {x: -80, y: -0.0000034969112}
  - {x: -79.1259, y: 8.316464}
  - {x: -78.40242, y: 0.44834995}
  - {x: -77.53029, y: 8.746106}
  - {x: 80, y: -0.0000034969112}
  - {x: 79.1259, y: -8.316471}
  - {x: 78.40242, y: 0.44834995}
  - {x: 77.53029, y: -7.8494062}
  - {x: -79.1259, y: -8.316471}
  - {x: -80, y: -0.0000034969112}
  - {x: -77.53029, y: -7.8494062}
  - {x: -78.40242, y: 0.44834995}
  - {x: 79.1259, y: -8.316471}
  - {x: 76.541824, y: -16.26946}
  - {x: 77.53029, y: -7.8494062}
  - {x: 74.95201, y: -15.784503}
  - {x: -76.541824, y: -16.26946}
  - {x: -79.1259, y: -8.316471}
  - {x: -74.95201, y: -15.784503}
  - {x: -77.53029, y: -7.8494062}
  - {x: 76.541824, y: -16.26946}
  - {x: 72.36069, y: -23.511406}
  - {x: 74.95201, y: -15.784503}
  - {x: 70.78029, y: -23.01015}
  - {x: -72.36069, y: -23.511406}
  - {x: -76.541824, y: -16.26946}
  - {x: -70.78029, y: -23.01015}
  - {x: -74.95201, y: -15.784503}
  - {x: 72.36069, y: -23.511406}
  - {x: 66.76523, y: -29.72579}
  - {x: 70.78029, y: -23.01015}
  - {x: 65.19742, y: -29.210556}
  - {x: -66.76523, y: -29.72579}
  - {x: -72.36069, y: -23.511406}
  - {x: -65.19742, y: -29.210556}
  - {x: -70.78029, y: -23.01015}
  - {x: 66.76523, y: -29.72579}
  - {x: 59.999996, y: -34.641018}
  - {x: 65.19742, y: -29.210556}
  - {x: 58.44741, y: -34.114723}
  - {x: -59.999996, y: -34.641018}
  - {x: -66.76523, y: -29.72579}
  - {x: -58.44741, y: -34.114723}
  - {x: -65.19742, y: -29.210556}
  - {x: 59.999996, y: -34.641018}
  - {x: 52.360683, y: -38.04226}
  - {x: 58.44741, y: -34.114723}
  - {x: 50.825287, y: -37.508312}
  - {x: -52.360683, y: -38.04226}
  - {x: -59.999996, y: -34.641018}
  - {x: -50.825287, y: -37.508312}
  - {x: -58.44741, y: -34.114723}
  - {x: 52.360683, y: -38.04226}
  - {x: 44.181133, y: -39.780876}
  - {x: 50.825287, y: -37.508312}
  - {x: 42.66414, y: -39.243015}
  - {x: -44.181133, y: -39.780876}
  - {x: -52.360683, y: -38.04226}
  - {x: -42.66414, y: -39.243015}
  - {x: -50.825287, y: -37.508312}
  - {x: 44.181133, y: -39.780876}
  - {x: 35.818867, y: -39.780876}
  - {x: 42.66414, y: -39.243015}
  - {x: 34.320694, y: -39.243015}
  - {x: -35.818867, y: -39.780876}
  - {x: -44.181133, y: -39.780876}
  - {x: -34.320694, y: -39.243015}
  - {x: -42.66414, y: -39.243015}
  m_Textures2: []
  m_Textures3: []
  m_Tangents:
  - {x: -0.1045289, y: 0, z: -0.99452186, w: -1}
  - {x: -0.1045289, y: 0, z: -0.99452186, w: -1}
  - {x: -0.1045289, y: 0, z: -0.99452186, w: -1}
  - {x: -0.1045289, y: 0, z: -0.99452186, w: -1}
  - {x: 0.104528695, y: 0, z: 0.99452186, w: -1}
  - {x: 0.104528695, y: 0, z: 0.99452186, w: -1}
  - {x: 0.104528695, y: 0, z: 0.99452186, w: -1}
  - {x: 0.104528695, y: 0, z: 0.99452186, w: -1}
  - {x: 0.10452891, y: 0, z: -0.99452186, w: -1}
  - {x: 0.10452891, y: 0, z: -0.99452186, w: -1}
  - {x: 0.10452891, y: 0, z: -0.99452186, w: -1}
  - {x: 0.10452891, y: 0, z: -0.99452186, w: -1}
  - {x: -0.10452871, y: 0, z: 0.9945219, w: -1}
  - {x: -0.10452871, y: 0, z: 0.9945219, w: -1}
  - {x: -0.10452871, y: 0, z: 0.9945219, w: -1}
  - {x: -0.10452871, y: 0, z: 0.9945219, w: -1}
  - {x: 0.30901626, y: 0, z: -0.9510568, w: -1}
  - {x: 0.30901626, y: 0, z: -0.9510568, w: -1}
  - {x: 0.30901626, y: 0, z: -0.9510568, w: -1}
  - {x: 0.30901626, y: 0, z: -0.9510568, w: -1}
  - {x: -0.3090179, y: 0, z: 0.95105624, w: -1}
  - {x: -0.3090179, y: 0, z: 0.95105624, w: -1}
  - {x: -0.3090179, y: 0, z: 0.95105624, w: -1}
  - {x: -0.3090179, y: 0, z: 0.95105624, w: -1}
  - {x: 0.49999982, y: 0, z: -0.8660255, w: -1}
  - {x: 0.49999982, y: 0, z: -0.8660255, w: -1}
  - {x: 0.49999982, y: 0, z: -0.8660255, w: -1}
  - {x: 0.49999982, y: 0, z: -0.8660255, w: -1}
  - {x: -0.4999993, y: 0, z: 0.8660258, w: -1}
  - {x: -0.4999993, y: 0, z: 0.8660258, w: -1}
  - {x: -0.4999993, y: 0, z: 0.8660258, w: -1}
  - {x: -0.4999993, y: 0, z: 0.8660258, w: -1}
  - {x: 0.66913074, y: 0, z: -0.74314475, w: -1}
  - {x: 0.66913074, y: 0, z: -0.74314475, w: -1}
  - {x: 0.66913074, y: 0, z: -0.74314475, w: -1}
  - {x: 0.66913074, y: 0, z: -0.74314475, w: -1}
  - {x: -0.6691306, y: 0, z: 0.74314475, w: -1}
  - {x: -0.6691306, y: 0, z: 0.74314475, w: -1}
  - {x: -0.6691306, y: 0, z: 0.74314475, w: -1}
  - {x: -0.6691306, y: 0, z: 0.74314475, w: -1}
  - {x: 0.80901706, y: 0, z: -0.5877852, w: -1}
  - {x: 0.80901706, y: 0, z: -0.5877852, w: -1}
  - {x: 0.80901706, y: 0, z: -0.5877852, w: -1}
  - {x: 0.80901706, y: 0, z: -0.5877852, w: -1}
  - {x: -0.80901706, y: 0, z: 0.58778524, w: -1}
  - {x: -0.80901706, y: 0, z: 0.58778524, w: -1}
  - {x: -0.80901706, y: 0, z: 0.58778524, w: -1}
  - {x: -0.80901706, y: 0, z: 0.58778524, w: -1}
  - {x: 0.9135455, y: 0, z: -0.4067367, w: -1}
  - {x: 0.9135455, y: 0, z: -0.4067367, w: -1}
  - {x: 0.9135455, y: 0, z: -0.4067367, w: -1}
  - {x: 0.9135455, y: 0, z: -0.4067367, w: -1}
  - {x: -0.9135454, y: 0, z: 0.40673673, w: -1}
  - {x: -0.9135454, y: 0, z: 0.40673673, w: -1}
  - {x: -0.9135454, y: 0, z: 0.40673673, w: -1}
  - {x: -0.9135454, y: 0, z: 0.40673673, w: -1}
  - {x: 0.9781476, y: 0, z: -0.20791169, w: -1}
  - {x: 0.9781476, y: 0, z: -0.20791169, w: -1}
  - {x: 0.9781476, y: 0, z: -0.20791169, w: -1}
  - {x: 0.9781476, y: 0, z: -0.20791169, w: -1}
  - {x: -0.9781477, y: 0, z: 0.2079114, w: -1}
  - {x: -0.9781477, y: 0, z: 0.2079114, w: -1}
  - {x: -0.9781477, y: 0, z: 0.2079114, w: -1}
  - {x: -0.9781477, y: 0, z: 0.2079114, w: -1}
  - {x: 1, y: 0, z: 0, w: -1}
  - {x: 1, y: 0, z: 0, w: -1}
  - {x: 1, y: 0, z: 0, w: -1}
  - {x: 1, y: 0, z: 0, w: -1}
  - {x: -1, y: 0, z: 0, w: -1}
  - {x: -1, y: 0, z: 0, w: -1}
  - {x: -1, y: 0, z: 0, w: -1}
  - {x: -1, y: 0, z: 0, w: -1}
  - {x: -0.1045289, y: 0, z: -0.99452186, w: -1}
  - {x: -0.1045289, y: 0, z: -0.99452186, w: -1}
  - {x: -0.1045289, y: 0, z: -0.99452186, w: -1}
  - {x: -0.1045289, y: 0, z: -0.99452186, w: -1}
  - {x: 0.104528695, y: 0, z: 0.99452186, w: -1}
  - {x: 0.104528695, y: 0, z: 0.99452186, w: -1}
  - {x: 0.104528695, y: 0, z: 0.99452186, w: -1}
  - {x: 0.104528695, y: 0, z: 0.99452186, w: -1}
  - {x: 0.10452891, y: 0, z: -0.99452186, w: -1}
  - {x: 0.10452891, y: 0, z: -0.99452186, w: -1}
  - {x: 0.10452891, y: 0, z: -0.99452186, w: -1}
  - {x: 0.10452891, y: 0, z: -0.99452186, w: -1}
  - {x: -0.10452871, y: 0, z: 0.9945219, w: -1}
  - {x: -0.10452871, y: 0, z: 0.9945219, w: -1}
  - {x: -0.10452871, y: 0, z: 0.9945219, w: -1}
  - {x: -0.10452871, y: 0, z: 0.9945219, w: -1}
  - {x: 0.30901626, y: 0, z: -0.9510568, w: -1}
  - {x: 0.30901626, y: 0, z: -0.9510568, w: -1}
  - {x: 0.30901626, y: 0, z: -0.9510568, w: -1}
  - {x: 0.30901626, y: 0, z: -0.9510568, w: -1}
  - {x: -0.3090179, y: 0, z: 0.95105624, w: -1}
  - {x: -0.3090179, y: 0, z: 0.95105624, w: -1}
  - {x: -0.3090179, y: 0, z: 0.95105624, w: -1}
  - {x: -0.3090179, y: 0, z: 0.95105624, w: -1}
  - {x: 0.49999982, y: 0, z: -0.8660255, w: -1}
  - {x: 0.49999982, y: 0, z: -0.8660255, w: -1}
  - {x: 0.49999982, y: 0, z: -0.8660255, w: -1}
  - {x: 0.49999982, y: 0, z: -0.8660255, w: -1}
  - {x: -0.4999993, y: 0, z: 0.8660258, w: -1}
  - {x: -0.4999993, y: 0, z: 0.8660258, w: -1}
  - {x: -0.4999993, y: 0, z: 0.8660258, w: -1}
  - {x: -0.4999993, y: 0, z: 0.8660258, w: -1}
  - {x: 0.66913074, y: 0, z: -0.74314475, w: -1}
  - {x: 0.66913074, y: 0, z: -0.74314475, w: -1}
  - {x: 0.66913074, y: 0, z: -0.74314475, w: -1}
  - {x: 0.66913074, y: 0, z: -0.74314475, w: -1}
  - {x: -0.6691306, y: 0, z: 0.74314475, w: -1}
  - {x: -0.6691306, y: 0, z: 0.74314475, w: -1}
  - {x: -0.6691306, y: 0, z: 0.74314475, w: -1}
  - {x: -0.6691306, y: 0, z: 0.74314475, w: -1}
  - {x: 0.80901706, y: 0, z: -0.5877852, w: -1}
  - {x: 0.80901706, y: 0, z: -0.5877852, w: -1}
  - {x: 0.80901706, y: 0, z: -0.5877852, w: -1}
  - {x: 0.80901706, y: 0, z: -0.5877852, w: -1}
  - {x: -0.80901706, y: 0, z: 0.58778524, w: -1}
  - {x: -0.80901706, y: 0, z: 0.58778524, w: -1}
  - {x: -0.80901706, y: 0, z: 0.58778524, w: -1}
  - {x: -0.80901706, y: 0, z: 0.58778524, w: -1}
  - {x: 0.9135455, y: 0, z: -0.4067367, w: -1}
  - {x: 0.9135455, y: 0, z: -0.4067367, w: -1}
  - {x: 0.9135455, y: 0, z: -0.4067367, w: -1}
  - {x: 0.9135455, y: 0, z: -0.4067367, w: -1}
  - {x: -0.9135454, y: 0, z: 0.40673673, w: -1}
  - {x: -0.9135454, y: 0, z: 0.40673673, w: -1}
  - {x: -0.9135454, y: 0, z: 0.40673673, w: -1}
  - {x: -0.9135454, y: 0, z: 0.40673673, w: -1}
  - {x: 0.9781476, y: 0, z: -0.20791169, w: -1}
  - {x: 0.9781476, y: 0, z: -0.20791169, w: -1}
  - {x: 0.9781476, y: 0, z: -0.20791169, w: -1}
  - {x: 0.9781476, y: 0, z: -0.20791169, w: -1}
  - {x: -0.9781477, y: 0, z: 0.2079114, w: -1}
  - {x: -0.9781477, y: 0, z: 0.2079114, w: -1}
  - {x: -0.9781477, y: 0, z: 0.2079114, w: -1}
  - {x: -0.9781477, y: 0, z: 0.2079114, w: -1}
  - {x: 1, y: 0, z: 0, w: -1}
  - {x: 1, y: 0, z: 0, w: -1}
  - {x: 1, y: 0, z: 0, w: -1}
  - {x: 1, y: 0, z: 0, w: -1}
  - {x: -1, y: 0, z: 0, w: -1}
  - {x: -1, y: 0, z: 0, w: -1}
  - {x: -1, y: 0, z: 0, w: -1}
  - {x: -1, y: 0, z: 0, w: -1}
  - {x: -1, y: 0, z: 0, w: -1}
  - {x: -1, y: 0, z: 0, w: -1}
  - {x: -1, y: 0, z: 0, w: -1}
  - {x: -1, y: 0, z: 0, w: -1}
  - {x: 1, y: 0, z: 0, w: -1}
  - {x: 1, y: 0, z: 0, w: -1}
  - {x: 1, y: 0, z: 0, w: -1}
  - {x: 1, y: 0, z: 0, w: -1}
  - {x: -1, y: 0, z: 0, w: -1}
  - {x: -1, y: 0, z: 0, w: -1}
  - {x: -1, y: 0, z: 0, w: -1}
  - {x: -1, y: 0, z: 0, w: -1}
  - {x: 1, y: 0, z: 0, w: -1}
  - {x: 1, y: 0, z: 0, w: -1}
  - {x: 1, y: 0, z: 0, w: -1}
  - {x: 1, y: 0, z: 0, w: -1}
  - {x: -1, y: 0, z: 0, w: -1}
  - {x: -1, y: 0, z: 0, w: -1}
  - {x: -1, y: 0, z: 0, w: -1}
  - {x: -1, y: 0, z: 0, w: -1}
  - {x: 1, y: 0, z: 0, w: -1}
  - {x: 1, y: 0, z: 0, w: -1}
  - {x: 1, y: 0, z: 0, w: -1}
  - {x: 1, y: 0, z: 0, w: -1}
  - {x: -1, y: 0, z: 0, w: -1}
  - {x: -1, y: 0, z: 0, w: -1}
  - {x: -1, y: 0, z: 0, w: -1}
  - {x: -1, y: 0, z: 0, w: -1}
  - {x: 1, y: 0, z: 0, w: -1}
  - {x: 1, y: 0, z: 0, w: -1}
  - {x: 1, y: 0, z: 0, w: -1}
  - {x: 1, y: 0, z: 0, w: -1}
  - {x: -1, y: 0, z: 0, w: -1}
  - {x: -1, y: 0, z: 0, w: -1}
  - {x: -1, y: 0, z: 0, w: -1}
  - {x: -1, y: 0, z: 0, w: -1}
  - {x: 1, y: 0, z: 0, w: -1}
  - {x: 1, y: 0, z: 0, w: -1}
  - {x: 1, y: 0, z: 0, w: -1}
  - {x: 1, y: 0, z: 0, w: -1}
  - {x: -1, y: 0, z: 0, w: -1}
  - {x: -1, y: 0, z: 0, w: -1}
  - {x: -1, y: 0, z: 0, w: -1}
  - {x: -1, y: 0, z: 0, w: -1}
  - {x: 1, y: 0, z: 0, w: -1}
  - {x: 1, y: 0, z: 0, w: -1}
  - {x: 1, y: 0, z: 0, w: -1}
  - {x: 1, y: 0, z: 0, w: -1}
  - {x: -1, y: 0, z: 0, w: -1}
  - {x: -1, y: 0, z: 0, w: -1}
  - {x: -1, y: 0, z: 0, w: -1}
  - {x: -1, y: 0, z: 0, w: -1}
  - {x: 1, y: 0, z: 0, w: -1}
  - {x: 1, y: 0, z: 0, w: -1}
  - {x: 1, y: 0, z: 0, w: -1}
  - {x: 1, y: 0, z: 0, w: -1}
  - {x: -1, y: 0, z: 0, w: -1}
  - {x: -1, y: 0, z: 0, w: -1}
  - {x: -1, y: 0, z: 0, w: -1}
  - {x: -1, y: 0, z: 0, w: -1}
  - {x: 1, y: 0, z: 0, w: -1}
  - {x: 1, y: 0, z: 0, w: -1}
  - {x: 1, y: 0, z: 0, w: -1}
  - {x: 1, y: 0, z: 0, w: -1}
  - {x: -1, y: 0, z: 0, w: -1}
  - {x: -1, y: 0, z: 0, w: -1}
  - {x: -1, y: 0, z: 0, w: -1}
  - {x: -1, y: 0, z: 0, w: -1}
  - {x: 1, y: 0, z: 0, w: -1}
  - {x: 1, y: 0, z: 0, w: -1}
  - {x: 1, y: 0, z: 0, w: -1}
  - {x: 1, y: 0, z: 0, w: -1}
  m_Colors: []
  m_UnwrapParameters:
    m_HardAngle: 88
    m_PackMargin: 20
    m_AngleError: 8
    m_AreaError: 15
  m_PreserveMeshAssetOnDestroy: 0
  assetGuid: 
  m_Mesh: {fileID: 0}
  m_IsSelectable: 1
  m_SelectedFaces: 01000000130000000300000015000000050000001700000019000000070000001b000000090000001d0000000b0000001f0000000d000000210000000f0000002300000011000000
  m_SelectedEdges:
  - a: 4
    b: 5
  - a: 6
    b: 4
  - a: 5
    b: 7
  - a: 7
    b: 6
  - a: 76
    b: 77
  - a: 78
    b: 76
  - a: 77
    b: 79
  - a: 79
    b: 78
  - a: 12
    b: 13
  - a: 14
    b: 12
  - a: 13
    b: 15
  - a: 15
    b: 14
  - a: 84
    b: 85
  - a: 86
    b: 84
  - a: 85
    b: 87
  - a: 87
    b: 86
  - a: 20
    b: 21
  - a: 22
    b: 20
  - a: 21
    b: 23
  - a: 23
    b: 22
  - a: 92
    b: 93
  - a: 94
    b: 92
  - a: 93
    b: 95
  - a: 95
    b: 94
  - a: 100
    b: 101
  - a: 102
    b: 100
  - a: 101
    b: 103
  - a: 103
    b: 102
  - a: 28
    b: 29
  - a: 30
    b: 28
  - a: 29
    b: 31
  - a: 31
    b: 30
  - a: 108
    b: 109
  - a: 110
    b: 108
  - a: 109
    b: 111
  - a: 111
    b: 110
  - a: 36
    b: 37
  - a: 38
    b: 36
  - a: 37
    b: 39
  - a: 39
    b: 38
  - a: 116
    b: 117
  - a: 118
    b: 116
  - a: 117
    b: 119
  - a: 119
    b: 118
  - a: 44
    b: 45
  - a: 46
    b: 44
  - a: 45
    b: 47
  - a: 47
    b: 46
  - a: 124
    b: 125
  - a: 126
    b: 124
  - a: 125
    b: 127
  - a: 127
    b: 126
  - a: 52
    b: 53
  - a: 54
    b: 52
  - a: 53
    b: 55
  - a: 55
    b: 54
  - a: 132
    b: 133
  - a: 134
    b: 132
  - a: 133
    b: 135
  - a: 135
    b: 134
  - a: 60
    b: 61
  - a: 62
    b: 60
  - a: 61
    b: 63
  - a: 63
    b: 62
  - a: 140
    b: 141
  - a: 142
    b: 140
  - a: 141
    b: 143
  - a: 143
    b: 142
  - a: 68
    b: 69
  - a: 70
    b: 68
  - a: 69
    b: 71
  - a: 71
    b: 70
  m_SelectedVertices: 040000000500000006000000070000004c0000004d0000004e0000004f0000000c0000000d0000000e0000000f00000054000000550000005600000057000000140000001500000016000000170000005c0000005d0000005e0000005f000000640000006500000066000000670000001c0000001d0000001e0000001f0000006c0000006d0000006e0000006f00000024000000250000002600000027000000740000007500000076000000770000002c0000002d0000002e0000002f0000007c0000007d0000007e0000007f00000034000000350000003600000037000000840000008500000086000000870000003c0000003d0000003e0000003f0000008c0000008d0000008e0000008f00000044000000450000004600000047000000
--- !u!64 &3124345316139053291
MeshCollider:
  m_ObjectHideFlags: 0
  m_CorrespondingSourceObject: {fileID: 0}
  m_PrefabInstance: {fileID: 0}
  m_PrefabAsset: {fileID: 0}
  m_GameObject: {fileID: 7693038560512565253}
  m_Material: {fileID: 0}
  m_IsTrigger: 1
  m_Enabled: 0
  serializedVersion: 4
  m_Convex: 1
  m_CookingOptions: 30
  m_Mesh: {fileID: 0}
--- !u!114 &3444829744317649192
MonoBehaviour:
  m_ObjectHideFlags: 0
  m_CorrespondingSourceObject: {fileID: 0}
  m_PrefabInstance: {fileID: 0}
  m_PrefabAsset: {fileID: 0}
  m_GameObject: {fileID: 7693038560512565253}
  m_Enabled: 1
  m_EditorHideFlags: 0
  m_Script: {fileID: 11500000, guid: fb47a08fd7fd32b4db33ae6f9c38156b, type: 3}
  m_Name: 
  m_EditorClassIdentifier: 
  allowedTags:
  - Player
  onEnter:
    m_PersistentCalls:
      m_Calls:
      - m_Target: {fileID: 5860121983664140236}
        m_MethodName: SpawnParticleSystem
        m_Mode: 2
        m_Arguments:
          m_ObjectArgument: {fileID: 9116264417401007588, guid: 8069b142ada374dfa8c3ec5039f4aead,
            type: 3}
          m_ObjectArgumentAssemblyTypeName: UnityEngine.GameObject, UnityEngine
          m_IntArgument: 0
          m_FloatArgument: 0
          m_StringArgument: 
          m_BoolArgument: 0
        m_CallState: 2
  onStay:
    m_PersistentCalls:
      m_Calls: []
  onExit:
    m_PersistentCalls:
      m_Calls: []
  repeatDelay: 0
--- !u!114 &5860121983664140236
MonoBehaviour:
  m_ObjectHideFlags: 0
  m_CorrespondingSourceObject: {fileID: 0}
  m_PrefabInstance: {fileID: 0}
  m_PrefabAsset: {fileID: 0}
  m_GameObject: {fileID: 7693038560512565253}
  m_Enabled: 1
  m_EditorHideFlags: 0
  m_Script: {fileID: 11500000, guid: feb24f162a6964f9fbb68812fad86828, type: 3}
  m_Name: 
  m_EditorClassIdentifier: 
  overrideDuration: 0
  duration: 0.5
  inheritRotation: 0
--- !u!1001 &913814675557392701
PrefabInstance:
  m_ObjectHideFlags: 0
  serializedVersion: 2
  m_Modification:
    m_TransformParent: {fileID: 5350603551219766056}
    m_Modifications:
    - target: {fileID: 2802417370453567482, guid: 5f5ced6a827a64d0d91bb6163512982d,
        type: 3}
      propertyPath: ShapeModule.type
      value: 5
      objectReference: {fileID: 0}
    - target: {fileID: 2802417370453567482, guid: 5f5ced6a827a64d0d91bb6163512982d,
        type: 3}
      propertyPath: ShapeModule.m_Scale.x
      value: 2
      objectReference: {fileID: 0}
    - target: {fileID: 2802417370453567482, guid: 5f5ced6a827a64d0d91bb6163512982d,
        type: 3}
      propertyPath: ShapeModule.m_Scale.y
      value: 35
      objectReference: {fileID: 0}
    - target: {fileID: 2802417370453567482, guid: 5f5ced6a827a64d0d91bb6163512982d,
        type: 3}
      propertyPath: ShapeModule.m_Scale.z
      value: 2
      objectReference: {fileID: 0}
    - target: {fileID: 2802417370453567482, guid: 5f5ced6a827a64d0d91bb6163512982d,
        type: 3}
      propertyPath: ShapeModule.radiusThickness
      value: 1
      objectReference: {fileID: 0}
    - target: {fileID: 2802417370453567482, guid: 5f5ced6a827a64d0d91bb6163512982d,
        type: 3}
      propertyPath: EmissionModule.rateOverTime.scalar
      value: 500
      objectReference: {fileID: 0}
    - target: {fileID: 2802417370453567484, guid: 5f5ced6a827a64d0d91bb6163512982d,
        type: 3}
      propertyPath: m_RootOrder
      value: 0
      objectReference: {fileID: 0}
    - target: {fileID: 2802417370453567484, guid: 5f5ced6a827a64d0d91bb6163512982d,
        type: 3}
      propertyPath: m_LocalPosition.x
      value: -79
      objectReference: {fileID: 0}
    - target: {fileID: 2802417370453567484, guid: 5f5ced6a827a64d0d91bb6163512982d,
        type: 3}
      propertyPath: m_LocalPosition.y
      value: 15
      objectReference: {fileID: 0}
    - target: {fileID: 2802417370453567484, guid: 5f5ced6a827a64d0d91bb6163512982d,
        type: 3}
      propertyPath: m_LocalPosition.z
      value: 7.45
      objectReference: {fileID: 0}
    - target: {fileID: 2802417370453567484, guid: 5f5ced6a827a64d0d91bb6163512982d,
        type: 3}
      propertyPath: m_LocalRotation.w
      value: 0.5
      objectReference: {fileID: 0}
    - target: {fileID: 2802417370453567484, guid: 5f5ced6a827a64d0d91bb6163512982d,
        type: 3}
      propertyPath: m_LocalRotation.x
      value: -0.50000006
      objectReference: {fileID: 0}
    - target: {fileID: 2802417370453567484, guid: 5f5ced6a827a64d0d91bb6163512982d,
        type: 3}
      propertyPath: m_LocalRotation.y
      value: -0.5
      objectReference: {fileID: 0}
    - target: {fileID: 2802417370453567484, guid: 5f5ced6a827a64d0d91bb6163512982d,
        type: 3}
      propertyPath: m_LocalRotation.z
      value: 0.50000006
      objectReference: {fileID: 0}
    - target: {fileID: 2802417370453567484, guid: 5f5ced6a827a64d0d91bb6163512982d,
        type: 3}
      propertyPath: m_LocalEulerAnglesHint.x
      value: 0
      objectReference: {fileID: 0}
    - target: {fileID: 2802417370453567484, guid: 5f5ced6a827a64d0d91bb6163512982d,
        type: 3}
      propertyPath: m_LocalEulerAnglesHint.y
      value: -90
      objectReference: {fileID: 0}
    - target: {fileID: 2802417370453567484, guid: 5f5ced6a827a64d0d91bb6163512982d,
        type: 3}
      propertyPath: m_LocalEulerAnglesHint.z
      value: 90.00001
      objectReference: {fileID: 0}
    - target: {fileID: 2802417370453567485, guid: 5f5ced6a827a64d0d91bb6163512982d,
        type: 3}
      propertyPath: m_Name
      value: Steam Particles
      objectReference: {fileID: 0}
    m_RemovedComponents: []
  m_SourcePrefab: {fileID: 100100000, guid: 5f5ced6a827a64d0d91bb6163512982d, type: 3}
--- !u!4 &3047435406517192385 stripped
Transform:
  m_CorrespondingSourceObject: {fileID: 2802417370453567484, guid: 5f5ced6a827a64d0d91bb6163512982d,
    type: 3}
  m_PrefabInstance: {fileID: 913814675557392701}
  m_PrefabAsset: {fileID: 0}
