%YAML 1.1
%TAG !u! tag:unity3d.com,2011:
--- !u!1 &698745564375495182
GameObject:
  m_ObjectHideFlags: 0
  m_CorrespondingSourceObject: {fileID: 0}
  m_PrefabInstance: {fileID: 0}
  m_PrefabAsset: {fileID: 0}
  serializedVersion: 6
  m_Component:
  - component: {fileID: 3935712847549849163}
  - component: {fileID: 1334507247068722265}
  - component: {fileID: 1027842681909109500}
  m_Layer: 0
  m_Name: Impostor
  m_TagString: Untagged
  m_Icon: {fileID: 0}
  m_NavMeshLayer: 0
  m_StaticEditorFlags: 0
  m_IsActive: 0
--- !u!4 &3935712847549849163
Transform:
  m_ObjectHideFlags: 0
  m_CorrespondingSourceObject: {fileID: 0}
  m_PrefabInstance: {fileID: 0}
  m_PrefabAsset: {fileID: 0}
  m_GameObject: {fileID: 698745564375495182}
  m_LocalRotation: {x: -0, y: -0, z: -0, w: 1}
  m_LocalPosition: {x: 0, y: 0, z: 0}
  m_LocalScale: {x: 1, y: 1, z: 1}
  m_Children: []
  m_Father: {fileID: 5030849105119752452}
  m_RootOrder: 6
  m_LocalEulerAnglesHint: {x: 0, y: 0, z: 0}
--- !u!33 &1334507247068722265
MeshFilter:
  m_ObjectHideFlags: 0
  m_CorrespondingSourceObject: {fileID: 0}
  m_PrefabInstance: {fileID: 0}
  m_PrefabAsset: {fileID: 0}
  m_GameObject: {fileID: 698745564375495182}
  m_Mesh: {fileID: 43839276986775308, guid: 1285ac5a48d2c4575bdb0561e2f41027, type: 2}
--- !u!23 &1027842681909109500
MeshRenderer:
  m_ObjectHideFlags: 0
  m_CorrespondingSourceObject: {fileID: 0}
  m_PrefabInstance: {fileID: 0}
  m_PrefabAsset: {fileID: 0}
  m_GameObject: {fileID: 698745564375495182}
  m_Enabled: 1
  m_CastShadows: 0
  m_ReceiveShadows: 1
  m_DynamicOccludee: 1
  m_MotionVectors: 1
  m_LightProbeUsage: 1
  m_ReflectionProbeUsage: 1
  m_RayTracingMode: 2
  m_RenderingLayerMask: 1
  m_RendererPriority: 0
  m_Materials:
  - {fileID: 21919146201209102, guid: 1285ac5a48d2c4575bdb0561e2f41027, type: 2}
  m_StaticBatchInfo:
    firstSubMesh: 0
    subMeshCount: 0
  m_StaticBatchRoot: {fileID: 0}
  m_ProbeAnchor: {fileID: 0}
  m_LightProbeVolumeOverride: {fileID: 0}
  m_ScaleInLightmap: 1
  m_ReceiveGI: 1
  m_PreserveUVs: 0
  m_IgnoreNormalsForChartDetection: 0
  m_ImportantGI: 0
  m_StitchLightmapSeams: 0
  m_SelectedEditorRenderState: 3
  m_MinimumChartSize: 4
  m_AutoUVMaxDistance: 0.5
  m_AutoUVMaxAngle: 89
  m_LightmapParameters: {fileID: 0}
  m_SortingLayerID: 0
  m_SortingLayer: 0
  m_SortingOrder: 0
--- !u!1 &1777611828480934156
GameObject:
  m_ObjectHideFlags: 0
  m_CorrespondingSourceObject: {fileID: 0}
  m_PrefabInstance: {fileID: 0}
  m_PrefabAsset: {fileID: 0}
  serializedVersion: 6
  m_Component:
  - component: {fileID: 3349677080028602373}
  - component: {fileID: 8623802081942979187}
  - component: {fileID: 1161452833732438618}
  - component: {fileID: 7468889062808947324}
  - component: {fileID: 7331379849104853286}
  - component: {fileID: 7299345464936079645}
  m_Layer: 11
  m_Name: Rock
  m_TagString: NoclipPlatform
  m_Icon: {fileID: 0}
  m_NavMeshLayer: 0
  m_StaticEditorFlags: 4294967295
  m_IsActive: 0
--- !u!4 &3349677080028602373
Transform:
  m_ObjectHideFlags: 0
  m_CorrespondingSourceObject: {fileID: 0}
  m_PrefabInstance: {fileID: 0}
  m_PrefabAsset: {fileID: 0}
  m_GameObject: {fileID: 1777611828480934156}
  m_LocalRotation: {x: -0, y: -0, z: -0.058242843, w: 0.9983025}
  m_LocalPosition: {x: 0.9854355, y: 1, z: -0.24509811}
  m_LocalScale: {x: 1.5, y: 0.5, z: 1.3}
  m_Children: []
  m_Father: {fileID: 5030849105119752452}
  m_RootOrder: 5
  m_LocalEulerAnglesHint: {x: 0, y: 0, z: -6.6780005}
--- !u!114 &8623802081942979187
MonoBehaviour:
  m_ObjectHideFlags: 0
  m_CorrespondingSourceObject: {fileID: 0}
  m_PrefabInstance: {fileID: 0}
  m_PrefabAsset: {fileID: 0}
  m_GameObject: {fileID: 1777611828480934156}
  m_Enabled: 1
  m_EditorHideFlags: 0
  m_Script: {fileID: 11500000, guid: bb977b126bc1b4f15813dcf9da9bb600, type: 3}
  m_Name: 
  m_EditorClassIdentifier: 
  m_Points:
  - {x: 0.0030288696, y: 0, z: -0.0035152435}
  - {x: 0.122810364, y: 0, z: -0.046564102}
  - {x: 0.20127106, y: 0, z: -0.16407394}
  - {x: 0.16475677, y: 0, z: -0.3276806}
  - {x: 0.12572479, y: 0, z: -0.47172737}
  - {x: 0.036376953, y: 0, z: -0.5786991}
  - {x: -0.1541748, y: 0, z: -0.52866554}
  - {x: -0.2681198, y: 0, z: -0.35930252}
  - {x: -0.15737152, y: 0, z: -0.1921711}
  m_Extrude: 0.14980125
  m_EditMode: 0
  m_FlipNormals: 0
  isOnGrid: 0
--- !u!33 &1161452833732438618
MeshFilter:
  m_ObjectHideFlags: 0
  m_CorrespondingSourceObject: {fileID: 0}
  m_PrefabInstance: {fileID: 0}
  m_PrefabAsset: {fileID: 0}
  m_GameObject: {fileID: 1777611828480934156}
  m_Mesh: {fileID: 0}
--- !u!23 &7468889062808947324
MeshRenderer:
  m_ObjectHideFlags: 0
  m_CorrespondingSourceObject: {fileID: 0}
  m_PrefabInstance: {fileID: 0}
  m_PrefabAsset: {fileID: 0}
  m_GameObject: {fileID: 1777611828480934156}
  m_Enabled: 1
  m_CastShadows: 1
  m_ReceiveShadows: 1
  m_DynamicOccludee: 1
  m_MotionVectors: 1
  m_LightProbeUsage: 1
  m_ReflectionProbeUsage: 1
  m_RayTracingMode: 2
  m_RenderingLayerMask: 1
  m_RendererPriority: 0
  m_Materials:
  - {fileID: 2100000, guid: 61ede6776fe6d4b36a9ca076b22d5853, type: 2}
  m_StaticBatchInfo:
    firstSubMesh: 0
    subMeshCount: 0
  m_StaticBatchRoot: {fileID: 0}
  m_ProbeAnchor: {fileID: 0}
  m_LightProbeVolumeOverride: {fileID: 0}
  m_ScaleInLightmap: 1
  m_ReceiveGI: 1
  m_PreserveUVs: 0
  m_IgnoreNormalsForChartDetection: 0
  m_ImportantGI: 0
  m_StitchLightmapSeams: 0
  m_SelectedEditorRenderState: 3
  m_MinimumChartSize: 4
  m_AutoUVMaxDistance: 0.5
  m_AutoUVMaxAngle: 89
  m_LightmapParameters: {fileID: 0}
  m_SortingLayerID: 0
  m_SortingLayer: 0
  m_SortingOrder: 0
--- !u!64 &7331379849104853286
MeshCollider:
  m_ObjectHideFlags: 0
  m_CorrespondingSourceObject: {fileID: 0}
  m_PrefabInstance: {fileID: 0}
  m_PrefabAsset: {fileID: 0}
  m_GameObject: {fileID: 1777611828480934156}
  m_Material: {fileID: 0}
  m_IsTrigger: 0
  m_Enabled: 1
  serializedVersion: 4
  m_Convex: 0
  m_CookingOptions: 30
  m_Mesh: {fileID: 0}
--- !u!114 &7299345464936079645
MonoBehaviour:
  m_ObjectHideFlags: 0
  m_CorrespondingSourceObject: {fileID: 0}
  m_PrefabInstance: {fileID: 0}
  m_PrefabAsset: {fileID: 0}
  m_GameObject: {fileID: 1777611828480934156}
  m_Enabled: 1
  m_EditorHideFlags: 0
  m_Script: {fileID: 11500000, guid: 35f1ab2b2a81e4e09819f69c74773fa8, type: 3}
  m_Name: 
  m_EditorClassIdentifier: 
--- !u!1 &1811088986814743486
GameObject:
  m_ObjectHideFlags: 0
  m_CorrespondingSourceObject: {fileID: 0}
  m_PrefabInstance: {fileID: 0}
  m_PrefabAsset: {fileID: 0}
  serializedVersion: 6
  m_Component:
  - component: {fileID: 5030849105119752452}
  - component: {fileID: 5414438544038316761}
  - component: {fileID: 3172911848280341838}
  m_Layer: 11
  m_Name: Rock 3
  m_TagString: NoclipPlatform
  m_Icon: {fileID: 0}
  m_NavMeshLayer: 0
  m_StaticEditorFlags: 4294967295
  m_IsActive: 1
--- !u!4 &5030849105119752452
Transform:
  m_ObjectHideFlags: 0
  m_CorrespondingSourceObject: {fileID: 0}
  m_PrefabInstance: {fileID: 0}
  m_PrefabAsset: {fileID: 0}
  m_GameObject: {fileID: 1811088986814743486}
  m_LocalRotation: {x: 0, y: -0.22785802, z: 0, w: 0.9736944}
  m_LocalPosition: {x: -62.538506, y: 29.44, z: -85.85}
  m_LocalScale: {x: 2, y: 3, z: 2}
  m_Children:
  - {fileID: 1790638005875844335}
  - {fileID: 6687189914569654459}
  - {fileID: 6716495655164313083}
  - {fileID: 2756648385264241659}
  - {fileID: 1863320583279121102}
  - {fileID: 3349677080028602373}
  - {fileID: 3935712847549849163}
  m_Father: {fileID: 0}
  m_RootOrder: 0
  m_LocalEulerAnglesHint: {x: 0, y: -26.342001, z: 0}
--- !u!205 &5414438544038316761
LODGroup:
  m_ObjectHideFlags: 0
  m_CorrespondingSourceObject: {fileID: 0}
  m_PrefabInstance: {fileID: 0}
  m_PrefabAsset: {fileID: 0}
  m_GameObject: {fileID: 1811088986814743486}
  serializedVersion: 2
  m_LocalReferencePoint: {x: 0.86631966, y: 1.075782, z: -0.7935264}
  m_Size: 1.6806221
  m_FadeMode: 1
  m_AnimateCrossFading: 1
  m_LastLODIsBillboard: 0
  m_LODs:
  - screenRelativeHeight: 0.10184535
    fadeTransitionWidth: 0
    renderers:
    - renderer: {fileID: 6775267022643685860}
    - renderer: {fileID: 410360195301928547}
    - renderer: {fileID: 6024146958540132231}
    - renderer: {fileID: 3356799630944894983}
    - renderer: {fileID: 5749483881235793695}
    - renderer: {fileID: 7468889062808947324}
  - screenRelativeHeight: 0.02810986
    fadeTransitionWidth: 0
    renderers:
    - renderer: {fileID: 1027842681909109500}
  - screenRelativeHeight: 0.020123614
    fadeTransitionWidth: 0
    renderers:
    - renderer: {fileID: 1027842681909109500}
  m_Enabled: 0
--- !u!114 &3172911848280341838
MonoBehaviour:
  m_ObjectHideFlags: 0
  m_CorrespondingSourceObject: {fileID: 0}
  m_PrefabInstance: {fileID: 0}
  m_PrefabAsset: {fileID: 0}
  m_GameObject: {fileID: 1811088986814743486}
  m_Enabled: 1
  m_EditorHideFlags: 0
  m_Script: {fileID: 11500000, guid: 4fc475a4823031b4698bd74089767e16, type: 3}
  m_Name: 
  m_EditorClassIdentifier: 
--- !u!1 &3218755887622377056
GameObject:
  m_ObjectHideFlags: 0
  m_CorrespondingSourceObject: {fileID: 0}
  m_PrefabInstance: {fileID: 0}
  m_PrefabAsset: {fileID: 0}
  serializedVersion: 6
  m_Component:
  - component: {fileID: 1863320583279121102}
  - component: {fileID: 7858622589361242802}
  - component: {fileID: 6286591593053973843}
  - component: {fileID: 5749483881235793695}
  - component: {fileID: 6529204315764030702}
  - component: {fileID: 7453547003755954439}
  m_Layer: 11
  m_Name: Rock
  m_TagString: NoclipPlatform
  m_Icon: {fileID: 0}
  m_NavMeshLayer: 0
  m_StaticEditorFlags: 4294967295
  m_IsActive: 0
--- !u!4 &1863320583279121102
Transform:
  m_ObjectHideFlags: 0
  m_CorrespondingSourceObject: {fileID: 0}
  m_PrefabInstance: {fileID: 0}
  m_PrefabAsset: {fileID: 0}
  m_GameObject: {fileID: 3218755887622377056}
  m_LocalRotation: {x: -0, y: -0, z: -0, w: 1}
  m_LocalPosition: {x: 1.068, y: 1, z: -0.91882515}
  m_LocalScale: {x: 1.5, y: 0.5, z: 1.3}
  m_Children: []
  m_Father: {fileID: 5030849105119752452}
  m_RootOrder: 4
  m_LocalEulerAnglesHint: {x: 0, y: 0, z: 0}
--- !u!114 &7858622589361242802
MonoBehaviour:
  m_ObjectHideFlags: 0
  m_CorrespondingSourceObject: {fileID: 0}
  m_PrefabInstance: {fileID: 0}
  m_PrefabAsset: {fileID: 0}
  m_GameObject: {fileID: 3218755887622377056}
  m_Enabled: 1
  m_EditorHideFlags: 0
  m_Script: {fileID: 11500000, guid: bb977b126bc1b4f15813dcf9da9bb600, type: 3}
  m_Name: 
  m_EditorClassIdentifier: 
  m_Points:
  - {x: 0, y: 0, z: 0}
  - {x: 0.088630676, y: 0, z: -0.081352234}
  - {x: 0.101371765, y: 0, z: -0.20420837}
  - {x: 0.059249878, y: 0, z: -0.31446457}
  - {x: -0.06034088, y: 0, z: -0.39179993}
  - {x: -0.15086365, y: 0, z: -0.4155922}
  - {x: -0.27400208, y: 0, z: -0.41720963}
  - {x: -0.3463745, y: 0, z: -0.34963608}
  - {x: -0.32920837, y: 0, z: -0.2095375}
  - {x: -0.20452881, y: 0, z: -0.021419525}
  - {x: -0.05294037, y: 0, z: 0.05620575}
  m_Extrude: 0.119091034
  m_EditMode: 0
  m_FlipNormals: 0
  isOnGrid: 0
--- !u!33 &6286591593053973843
MeshFilter:
  m_ObjectHideFlags: 0
  m_CorrespondingSourceObject: {fileID: 0}
  m_PrefabInstance: {fileID: 0}
  m_PrefabAsset: {fileID: 0}
  m_GameObject: {fileID: 3218755887622377056}
  m_Mesh: {fileID: 0}
--- !u!23 &5749483881235793695
MeshRenderer:
  m_ObjectHideFlags: 0
  m_CorrespondingSourceObject: {fileID: 0}
  m_PrefabInstance: {fileID: 0}
  m_PrefabAsset: {fileID: 0}
  m_GameObject: {fileID: 3218755887622377056}
  m_Enabled: 1
  m_CastShadows: 1
  m_ReceiveShadows: 1
  m_DynamicOccludee: 1
  m_MotionVectors: 1
  m_LightProbeUsage: 1
  m_ReflectionProbeUsage: 1
  m_RayTracingMode: 2
  m_RenderingLayerMask: 1
  m_RendererPriority: 0
  m_Materials:
  - {fileID: 2100000, guid: 61ede6776fe6d4b36a9ca076b22d5853, type: 2}
  m_StaticBatchInfo:
    firstSubMesh: 0
    subMeshCount: 0
  m_StaticBatchRoot: {fileID: 0}
  m_ProbeAnchor: {fileID: 0}
  m_LightProbeVolumeOverride: {fileID: 0}
  m_ScaleInLightmap: 1
  m_ReceiveGI: 1
  m_PreserveUVs: 0
  m_IgnoreNormalsForChartDetection: 0
  m_ImportantGI: 0
  m_StitchLightmapSeams: 0
  m_SelectedEditorRenderState: 3
  m_MinimumChartSize: 4
  m_AutoUVMaxDistance: 0.5
  m_AutoUVMaxAngle: 89
  m_LightmapParameters: {fileID: 0}
  m_SortingLayerID: 0
  m_SortingLayer: 0
  m_SortingOrder: 0
--- !u!64 &6529204315764030702
MeshCollider:
  m_ObjectHideFlags: 0
  m_CorrespondingSourceObject: {fileID: 0}
  m_PrefabInstance: {fileID: 0}
  m_PrefabAsset: {fileID: 0}
  m_GameObject: {fileID: 3218755887622377056}
  m_Material: {fileID: 0}
  m_IsTrigger: 0
  m_Enabled: 1
  serializedVersion: 4
  m_Convex: 0
  m_CookingOptions: 30
  m_Mesh: {fileID: 0}
--- !u!114 &7453547003755954439
MonoBehaviour:
  m_ObjectHideFlags: 0
  m_CorrespondingSourceObject: {fileID: 0}
  m_PrefabInstance: {fileID: 0}
  m_PrefabAsset: {fileID: 0}
  m_GameObject: {fileID: 3218755887622377056}
  m_Enabled: 1
  m_EditorHideFlags: 0
  m_Script: {fileID: 11500000, guid: 35f1ab2b2a81e4e09819f69c74773fa8, type: 3}
  m_Name: 
  m_EditorClassIdentifier: 
--- !u!1 &5275630685545747580
GameObject:
  m_ObjectHideFlags: 0
  m_CorrespondingSourceObject: {fileID: 0}
  m_PrefabInstance: {fileID: 0}
  m_PrefabAsset: {fileID: 0}
  serializedVersion: 6
  m_Component:
  - component: {fileID: 6716495655164313083}
  - component: {fileID: 2657906962626781630}
  - component: {fileID: 3762981229752218114}
  - component: {fileID: 6024146958540132231}
  - component: {fileID: 8855683493600090429}
  - component: {fileID: 2047284184897340286}
  m_Layer: 11
  m_Name: Rock
  m_TagString: NoclipPlatform
  m_Icon: {fileID: 0}
  m_NavMeshLayer: 0
  m_StaticEditorFlags: 4294967295
  m_IsActive: 0
--- !u!4 &6716495655164313083
Transform:
  m_ObjectHideFlags: 0
  m_CorrespondingSourceObject: {fileID: 0}
  m_PrefabInstance: {fileID: 0}
  m_PrefabAsset: {fileID: 0}
  m_GameObject: {fileID: 5275630685545747580}
  m_LocalRotation: {x: -0, y: -0, z: -0, w: 1}
  m_LocalPosition: {x: 0.4665985, y: 1, z: -0.7835026}
  m_LocalScale: {x: 1.5, y: 0.5, z: 1.3}
  m_Children: []
  m_Father: {fileID: 5030849105119752452}
  m_RootOrder: 2
  m_LocalEulerAnglesHint: {x: 0, y: 0, z: 0}
--- !u!114 &2657906962626781630
MonoBehaviour:
  m_ObjectHideFlags: 0
  m_CorrespondingSourceObject: {fileID: 0}
  m_PrefabInstance: {fileID: 0}
  m_PrefabAsset: {fileID: 0}
  m_GameObject: {fileID: 5275630685545747580}
  m_Enabled: 1
  m_EditorHideFlags: 0
  m_Script: {fileID: 11500000, guid: bb977b126bc1b4f15813dcf9da9bb600, type: 3}
  m_Name: 
  m_EditorClassIdentifier: 
  m_Points:
  - {x: 0, y: 0, z: 0}
  - {x: 0.060157776, y: 0, z: -0.14832687}
  - {x: 0.16319275, y: 0, z: -0.24266434}
  - {x: 0.33364868, y: 0, z: -0.22992706}
  - {x: 0.46733093, y: 0, z: -0.08470535}
  - {x: 0.45001984, y: 0, z: 0.061265945}
  - {x: 0.39897156, y: 0, z: 0.22221375}
  - {x: 0.38256073, y: 0, z: 0.4000454}
  - {x: 0.22033691, y: 0, z: 0.51517105}
  - {x: 0.068855286, y: 0, z: 0.4671898}
  - {x: 0.00819397, y: 0, z: 0.2714634}
  - {x: 0.062286377, y: 0, z: 0.14036751}
  m_Extrude: 0.7901287
  m_EditMode: 0
  m_FlipNormals: 0
  isOnGrid: 0
--- !u!33 &3762981229752218114
MeshFilter:
  m_ObjectHideFlags: 0
  m_CorrespondingSourceObject: {fileID: 0}
  m_PrefabInstance: {fileID: 0}
  m_PrefabAsset: {fileID: 0}
  m_GameObject: {fileID: 5275630685545747580}
  m_Mesh: {fileID: 0}
--- !u!23 &6024146958540132231
MeshRenderer:
  m_ObjectHideFlags: 0
  m_CorrespondingSourceObject: {fileID: 0}
  m_PrefabInstance: {fileID: 0}
  m_PrefabAsset: {fileID: 0}
  m_GameObject: {fileID: 5275630685545747580}
  m_Enabled: 1
  m_CastShadows: 1
  m_ReceiveShadows: 1
  m_DynamicOccludee: 1
  m_MotionVectors: 1
  m_LightProbeUsage: 1
  m_ReflectionProbeUsage: 1
  m_RayTracingMode: 2
  m_RenderingLayerMask: 1
  m_RendererPriority: 0
  m_Materials:
  - {fileID: 2100000, guid: 61ede6776fe6d4b36a9ca076b22d5853, type: 2}
  m_StaticBatchInfo:
    firstSubMesh: 0
    subMeshCount: 0
  m_StaticBatchRoot: {fileID: 0}
  m_ProbeAnchor: {fileID: 0}
  m_LightProbeVolumeOverride: {fileID: 0}
  m_ScaleInLightmap: 1
  m_ReceiveGI: 1
  m_PreserveUVs: 0
  m_IgnoreNormalsForChartDetection: 0
  m_ImportantGI: 0
  m_StitchLightmapSeams: 0
  m_SelectedEditorRenderState: 3
  m_MinimumChartSize: 4
  m_AutoUVMaxDistance: 0.5
  m_AutoUVMaxAngle: 89
  m_LightmapParameters: {fileID: 0}
  m_SortingLayerID: 0
  m_SortingLayer: 0
  m_SortingOrder: 0
--- !u!64 &8855683493600090429
MeshCollider:
  m_ObjectHideFlags: 0
  m_CorrespondingSourceObject: {fileID: 0}
  m_PrefabInstance: {fileID: 0}
  m_PrefabAsset: {fileID: 0}
  m_GameObject: {fileID: 5275630685545747580}
  m_Material: {fileID: 0}
  m_IsTrigger: 0
  m_Enabled: 1
  serializedVersion: 4
  m_Convex: 0
  m_CookingOptions: 30
  m_Mesh: {fileID: 0}
--- !u!114 &2047284184897340286
MonoBehaviour:
  m_ObjectHideFlags: 0
  m_CorrespondingSourceObject: {fileID: 0}
  m_PrefabInstance: {fileID: 0}
  m_PrefabAsset: {fileID: 0}
  m_GameObject: {fileID: 5275630685545747580}
  m_Enabled: 1
  m_EditorHideFlags: 0
  m_Script: {fileID: 11500000, guid: 35f1ab2b2a81e4e09819f69c74773fa8, type: 3}
  m_Name: 
  m_EditorClassIdentifier: 
--- !u!1 &6067519393451273528
GameObject:
  m_ObjectHideFlags: 0
  m_CorrespondingSourceObject: {fileID: 0}
  m_PrefabInstance: {fileID: 0}
  m_PrefabAsset: {fileID: 0}
  serializedVersion: 6
  m_Component:
  - component: {fileID: 6687189914569654459}
  - component: {fileID: 6387374244519200815}
  - component: {fileID: 825970765075477475}
  - component: {fileID: 410360195301928547}
  - component: {fileID: 6481270823061395828}
  - component: {fileID: 5661061811295911951}
  m_Layer: 11
  m_Name: Rock
  m_TagString: NoclipPlatform
  m_Icon: {fileID: 0}
  m_NavMeshLayer: 0
  m_StaticEditorFlags: 4294967295
  m_IsActive: 0
--- !u!4 &6687189914569654459
Transform:
  m_ObjectHideFlags: 0
  m_CorrespondingSourceObject: {fileID: 0}
  m_PrefabInstance: {fileID: 0}
  m_PrefabAsset: {fileID: 0}
  m_GameObject: {fileID: 6067519393451273528}
  m_LocalRotation: {x: -0.13140498, y: -0, z: -0, w: 0.9913288}
  m_LocalPosition: {x: 0.3149109, y: 1, z: -0.88358116}
  m_LocalScale: {x: 1.5, y: 0.5, z: 1.3}
  m_Children: []
  m_Father: {fileID: 5030849105119752452}
  m_RootOrder: 1
  m_LocalEulerAnglesHint: {x: -15.102001, y: 0, z: 0}
--- !u!114 &6387374244519200815
MonoBehaviour:
  m_ObjectHideFlags: 0
  m_CorrespondingSourceObject: {fileID: 0}
  m_PrefabInstance: {fileID: 0}
  m_PrefabAsset: {fileID: 0}
  m_GameObject: {fileID: 6067519393451273528}
  m_Enabled: 1
  m_EditorHideFlags: 0
  m_Script: {fileID: 11500000, guid: bb977b126bc1b4f15813dcf9da9bb600, type: 3}
  m_Name: 
  m_EditorClassIdentifier: 
  m_Points:
  - {x: 0, y: 0, z: 0}
  - {x: 0.013832092, y: 0, z: -0.19070435}
  - {x: 0.108680725, y: 0, z: -0.29153442}
  - {x: 0.28813934, y: 0, z: -0.35648727}
  - {x: 0.50302124, y: 0, z: -0.41399002}
  - {x: 0.5769119, y: 0, z: -0.2661171}
  - {x: 0.59321594, y: 0, z: -0.09849167}
  - {x: 0.7583847, y: 0, z: 0.121349335}
  - {x: 0.5736542, y: 0, z: 0.18481064}
  - {x: 0.40560913, y: 0, z: 0.022052765}
  - {x: 0.2365799, y: 0, z: -0.10942459}
  - {x: 0.09107208, y: 0, z: -0.00036621094}
  m_Extrude: 0.28399467
  m_EditMode: 0
  m_FlipNormals: 0
  isOnGrid: 0
--- !u!33 &825970765075477475
MeshFilter:
  m_ObjectHideFlags: 0
  m_CorrespondingSourceObject: {fileID: 0}
  m_PrefabInstance: {fileID: 0}
  m_PrefabAsset: {fileID: 0}
  m_GameObject: {fileID: 6067519393451273528}
  m_Mesh: {fileID: 0}
--- !u!23 &410360195301928547
MeshRenderer:
  m_ObjectHideFlags: 0
  m_CorrespondingSourceObject: {fileID: 0}
  m_PrefabInstance: {fileID: 0}
  m_PrefabAsset: {fileID: 0}
  m_GameObject: {fileID: 6067519393451273528}
  m_Enabled: 1
  m_CastShadows: 1
  m_ReceiveShadows: 1
  m_DynamicOccludee: 1
  m_MotionVectors: 1
  m_LightProbeUsage: 1
  m_ReflectionProbeUsage: 1
  m_RayTracingMode: 2
  m_RenderingLayerMask: 1
  m_RendererPriority: 0
  m_Materials:
  - {fileID: 2100000, guid: 61ede6776fe6d4b36a9ca076b22d5853, type: 2}
  m_StaticBatchInfo:
    firstSubMesh: 0
    subMeshCount: 0
  m_StaticBatchRoot: {fileID: 0}
  m_ProbeAnchor: {fileID: 0}
  m_LightProbeVolumeOverride: {fileID: 0}
  m_ScaleInLightmap: 1
  m_ReceiveGI: 1
  m_PreserveUVs: 0
  m_IgnoreNormalsForChartDetection: 0
  m_ImportantGI: 0
  m_StitchLightmapSeams: 0
  m_SelectedEditorRenderState: 3
  m_MinimumChartSize: 4
  m_AutoUVMaxDistance: 0.5
  m_AutoUVMaxAngle: 89
  m_LightmapParameters: {fileID: 0}
  m_SortingLayerID: 0
  m_SortingLayer: 0
  m_SortingOrder: 0
--- !u!64 &6481270823061395828
MeshCollider:
  m_ObjectHideFlags: 0
  m_CorrespondingSourceObject: {fileID: 0}
  m_PrefabInstance: {fileID: 0}
  m_PrefabAsset: {fileID: 0}
  m_GameObject: {fileID: 6067519393451273528}
  m_Material: {fileID: 0}
  m_IsTrigger: 0
  m_Enabled: 1
  serializedVersion: 4
  m_Convex: 0
  m_CookingOptions: 30
  m_Mesh: {fileID: 0}
--- !u!114 &5661061811295911951
MonoBehaviour:
  m_ObjectHideFlags: 0
  m_CorrespondingSourceObject: {fileID: 0}
  m_PrefabInstance: {fileID: 0}
  m_PrefabAsset: {fileID: 0}
  m_GameObject: {fileID: 6067519393451273528}
  m_Enabled: 1
  m_EditorHideFlags: 0
  m_Script: {fileID: 11500000, guid: 35f1ab2b2a81e4e09819f69c74773fa8, type: 3}
  m_Name: 
  m_EditorClassIdentifier: 
--- !u!1 &6687681006700670322
GameObject:
  m_ObjectHideFlags: 0
  m_CorrespondingSourceObject: {fileID: 0}
  m_PrefabInstance: {fileID: 0}
  m_PrefabAsset: {fileID: 0}
  serializedVersion: 6
  m_Component:
  - component: {fileID: 2756648385264241659}
  - component: {fileID: 6859225237447763212}
  - component: {fileID: 931016862367177524}
  - component: {fileID: 3356799630944894983}
  - component: {fileID: 5236698849656540887}
  - component: {fileID: 7645235221851345791}
  m_Layer: 11
  m_Name: Rock
  m_TagString: NoclipPlatform
  m_Icon: {fileID: 0}
  m_NavMeshLayer: 0
  m_StaticEditorFlags: 4294967295
  m_IsActive: 0
--- !u!4 &2756648385264241659
Transform:
  m_ObjectHideFlags: 0
  m_CorrespondingSourceObject: {fileID: 0}
  m_PrefabInstance: {fileID: 0}
  m_PrefabAsset: {fileID: 0}
  m_GameObject: {fileID: 6687681006700670322}
  m_LocalRotation: {x: -0, y: -0, z: -0, w: 1}
  m_LocalPosition: {x: 0.16683197, y: 1, z: -0.8208637}
  m_LocalScale: {x: 1.5, y: 0.5, z: 1.3}
  m_Children: []
  m_Father: {fileID: 5030849105119752452}
  m_RootOrder: 3
  m_LocalEulerAnglesHint: {x: 0, y: 0, z: 0}
--- !u!114 &6859225237447763212
MonoBehaviour:
  m_ObjectHideFlags: 0
  m_CorrespondingSourceObject: {fileID: 0}
  m_PrefabInstance: {fileID: 0}
  m_PrefabAsset: {fileID: 0}
  m_GameObject: {fileID: 6687681006700670322}
  m_Enabled: 1
  m_EditorHideFlags: 0
  m_Script: {fileID: 11500000, guid: bb977b126bc1b4f15813dcf9da9bb600, type: 3}
  m_Name: 
  m_EditorClassIdentifier: 
  m_Points:
  - {x: 0, y: 0, z: 0}
  - {x: 0.1439743, y: 0, z: -0.033878326}
  - {x: 0.3042221, y: 0, z: -0.1360321}
  - {x: 0.4443512, y: 0, z: -0.2999153}
  - {x: 0.40782166, y: 0, z: -0.46645355}
  - {x: 0.30802917, y: 0, z: -0.4944191}
  - {x: 0.16259003, y: 0, z: -0.50185394}
  - {x: 0.04421997, y: 0, z: -0.461998}
  - {x: -0.03237152, y: 0, z: -0.34078217}
  - {x: -0.03920746, y: 0, z: -0.21014404}
  m_Extrude: 0.16497421
  m_EditMode: 0
  m_FlipNormals: 0
  isOnGrid: 0
--- !u!33 &931016862367177524
MeshFilter:
  m_ObjectHideFlags: 0
  m_CorrespondingSourceObject: {fileID: 0}
  m_PrefabInstance: {fileID: 0}
  m_PrefabAsset: {fileID: 0}
  m_GameObject: {fileID: 6687681006700670322}
  m_Mesh: {fileID: 0}
--- !u!23 &3356799630944894983
MeshRenderer:
  m_ObjectHideFlags: 0
  m_CorrespondingSourceObject: {fileID: 0}
  m_PrefabInstance: {fileID: 0}
  m_PrefabAsset: {fileID: 0}
  m_GameObject: {fileID: 6687681006700670322}
  m_Enabled: 1
  m_CastShadows: 1
  m_ReceiveShadows: 1
  m_DynamicOccludee: 1
  m_MotionVectors: 1
  m_LightProbeUsage: 1
  m_ReflectionProbeUsage: 1
  m_RayTracingMode: 2
  m_RenderingLayerMask: 1
  m_RendererPriority: 0
  m_Materials:
  - {fileID: 2100000, guid: 61ede6776fe6d4b36a9ca076b22d5853, type: 2}
  m_StaticBatchInfo:
    firstSubMesh: 0
    subMeshCount: 0
  m_StaticBatchRoot: {fileID: 0}
  m_ProbeAnchor: {fileID: 0}
  m_LightProbeVolumeOverride: {fileID: 0}
  m_ScaleInLightmap: 1
  m_ReceiveGI: 1
  m_PreserveUVs: 0
  m_IgnoreNormalsForChartDetection: 0
  m_ImportantGI: 0
  m_StitchLightmapSeams: 0
  m_SelectedEditorRenderState: 3
  m_MinimumChartSize: 4
  m_AutoUVMaxDistance: 0.5
  m_AutoUVMaxAngle: 89
  m_LightmapParameters: {fileID: 0}
  m_SortingLayerID: 0
  m_SortingLayer: 0
  m_SortingOrder: 0
--- !u!64 &5236698849656540887
MeshCollider:
  m_ObjectHideFlags: 0
  m_CorrespondingSourceObject: {fileID: 0}
  m_PrefabInstance: {fileID: 0}
  m_PrefabAsset: {fileID: 0}
  m_GameObject: {fileID: 6687681006700670322}
  m_Material: {fileID: 0}
  m_IsTrigger: 0
  m_Enabled: 1
  serializedVersion: 4
  m_Convex: 0
  m_CookingOptions: 30
  m_Mesh: {fileID: 0}
--- !u!114 &7645235221851345791
MonoBehaviour:
  m_ObjectHideFlags: 0
  m_CorrespondingSourceObject: {fileID: 0}
  m_PrefabInstance: {fileID: 0}
  m_PrefabAsset: {fileID: 0}
  m_GameObject: {fileID: 6687681006700670322}
  m_Enabled: 1
  m_EditorHideFlags: 0
  m_Script: {fileID: 11500000, guid: 35f1ab2b2a81e4e09819f69c74773fa8, type: 3}
  m_Name: 
  m_EditorClassIdentifier: 
--- !u!1 &7496559529514964294
GameObject:
  m_ObjectHideFlags: 0
  m_CorrespondingSourceObject: {fileID: 0}
  m_PrefabInstance: {fileID: 0}
  m_PrefabAsset: {fileID: 0}
  serializedVersion: 6
  m_Component:
  - component: {fileID: 1790638005875844335}
  - component: {fileID: 8247666049077290649}
  - component: {fileID: 3125865866398714760}
  - component: {fileID: 6775267022643685860}
  - component: {fileID: 3873574963936873435}
  - component: {fileID: 932226489647396373}
  m_Layer: 11
  m_Name: Rock
  m_TagString: NoclipPlatform
  m_Icon: {fileID: 0}
  m_NavMeshLayer: 0
  m_StaticEditorFlags: 4294967295
  m_IsActive: 0
--- !u!4 &1790638005875844335
Transform:
  m_ObjectHideFlags: 0
  m_CorrespondingSourceObject: {fileID: 0}
  m_PrefabInstance: {fileID: 0}
  m_PrefabAsset: {fileID: 0}
  m_GameObject: {fileID: 7496559529514964294}
  m_LocalRotation: {x: -0, y: -0, z: -0, w: 1}
  m_LocalPosition: {x: 0.21807098, y: 1, z: -0.2844448}
  m_LocalScale: {x: 2, y: 0.5, z: 1.3}
  m_Children: []
  m_Father: {fileID: 5030849105119752452}
  m_RootOrder: 0
  m_LocalEulerAnglesHint: {x: 0, y: 0, z: 0}
--- !u!114 &8247666049077290649
MonoBehaviour:
  m_ObjectHideFlags: 0
  m_CorrespondingSourceObject: {fileID: 0}
  m_PrefabInstance: {fileID: 0}
  m_PrefabAsset: {fileID: 0}
  m_GameObject: {fileID: 7496559529514964294}
  m_Enabled: 1
  m_EditorHideFlags: 0
  m_Script: {fileID: 11500000, guid: bb977b126bc1b4f15813dcf9da9bb600, type: 3}
  m_Name: 
  m_EditorClassIdentifier: 
  m_Points:
  - {x: 0, y: 0, z: 0}
  - {x: 0.25619507, y: 0, z: 0.0035057068}
  - {x: 0.53790283, y: 0, z: -0.002325058}
  - {x: 0.74427795, y: 0, z: -0.13366699}
  - {x: 0.7289963, y: 0, z: -0.28878784}
  - {x: 0.41880035, y: 0, z: -0.37687874}
  - {x: 0.16542053, y: 0, z: -0.49630356}
  - {x: -0.044517517, y: 0, z: -0.43029594}
  - {x: -0.09603119, y: 0, z: -0.2114563}
  m_Extrude: 0.44016075
  m_EditMode: 0
  m_FlipNormals: 0
  isOnGrid: 0
--- !u!33 &3125865866398714760
MeshFilter:
  m_ObjectHideFlags: 0
  m_CorrespondingSourceObject: {fileID: 0}
  m_PrefabInstance: {fileID: 0}
  m_PrefabAsset: {fileID: 0}
  m_GameObject: {fileID: 7496559529514964294}
  m_Mesh: {fileID: 0}
--- !u!23 &6775267022643685860
MeshRenderer:
  m_ObjectHideFlags: 0
  m_CorrespondingSourceObject: {fileID: 0}
  m_PrefabInstance: {fileID: 0}
  m_PrefabAsset: {fileID: 0}
  m_GameObject: {fileID: 7496559529514964294}
  m_Enabled: 1
  m_CastShadows: 1
  m_ReceiveShadows: 1
  m_DynamicOccludee: 1
  m_MotionVectors: 1
  m_LightProbeUsage: 1
  m_ReflectionProbeUsage: 1
  m_RayTracingMode: 2
  m_RenderingLayerMask: 1
  m_RendererPriority: 0
  m_Materials:
  - {fileID: 2100000, guid: 61ede6776fe6d4b36a9ca076b22d5853, type: 2}
  m_StaticBatchInfo:
    firstSubMesh: 0
    subMeshCount: 0
  m_StaticBatchRoot: {fileID: 0}
  m_ProbeAnchor: {fileID: 0}
  m_LightProbeVolumeOverride: {fileID: 0}
  m_ScaleInLightmap: 1
  m_ReceiveGI: 1
  m_PreserveUVs: 0
  m_IgnoreNormalsForChartDetection: 0
  m_ImportantGI: 0
  m_StitchLightmapSeams: 0
  m_SelectedEditorRenderState: 3
  m_MinimumChartSize: 4
  m_AutoUVMaxDistance: 0.5
  m_AutoUVMaxAngle: 89
  m_LightmapParameters: {fileID: 0}
  m_SortingLayerID: 0
  m_SortingLayer: 0
  m_SortingOrder: 0
--- !u!64 &3873574963936873435
MeshCollider:
  m_ObjectHideFlags: 0
  m_CorrespondingSourceObject: {fileID: 0}
  m_PrefabInstance: {fileID: 0}
  m_PrefabAsset: {fileID: 0}
  m_GameObject: {fileID: 7496559529514964294}
  m_Material: {fileID: 0}
  m_IsTrigger: 0
  m_Enabled: 1
  serializedVersion: 4
  m_Convex: 0
  m_CookingOptions: 30
  m_Mesh: {fileID: 0}
--- !u!114 &932226489647396373
MonoBehaviour:
  m_ObjectHideFlags: 0
  m_CorrespondingSourceObject: {fileID: 0}
  m_PrefabInstance: {fileID: 0}
  m_PrefabAsset: {fileID: 0}
  m_GameObject: {fileID: 7496559529514964294}
  m_Enabled: 1
  m_EditorHideFlags: 0
  m_Script: {fileID: 11500000, guid: 35f1ab2b2a81e4e09819f69c74773fa8, type: 3}
  m_Name: 
  m_EditorClassIdentifier: 
