%YAML 1.1
%TAG !u! tag:unity3d.com,2011:
--- !u!1001 &3987583524995995173
PrefabInstance:
  m_ObjectHideFlags: 0
  serializedVersion: 2
  m_Modification:
    m_TransformParent: {fileID: 0}
    m_Modifications:
    - target: {fileID: 81739164, guid: aed119a9155920946ba661df9c899160, type: 3}
      propertyPath: m_Mesh
      value: 
      objectReference: {fileID: 0}
    - target: {fileID: 119810618, guid: aed119a9155920946ba661df9c899160, type: 3}
      propertyPath: m_Mesh
      value: 
      objectReference: {fileID: 0}
    - target: {fileID: 206265398, guid: aed119a9155920946ba661df9c899160, type: 3}
      propertyPath: m_Mesh
      value: 
      objectReference: {fileID: 0}
    - target: {fileID: 289243528, guid: aed119a9155920946ba661df9c899160, type: 3}
      propertyPath: m_Mesh
      value: 
      objectReference: {fileID: 0}
    - target: {fileID: 309279404, guid: aed119a9155920946ba661df9c899160, type: 3}
      propertyPath: m_Mesh
      value: 
      objectReference: {fileID: 0}
    - target: {fileID: 680454460, guid: aed119a9155920946ba661df9c899160, type: 3}
      propertyPath: m_Mesh
      value: 
      objectReference: {fileID: 0}
    - target: {fileID: 1093922293, guid: aed119a9155920946ba661df9c899160, type: 3}
      propertyPath: m_Mesh
      value: 
      objectReference: {fileID: 0}
    - target: {fileID: 1093922296, guid: aed119a9155920946ba661df9c899160, type: 3}
      propertyPath: m_Mesh
      value: 
      objectReference: {fileID: 0}
    - target: {fileID: 1528284286, guid: aed119a9155920946ba661df9c899160, type: 3}
      propertyPath: m_Mesh
      value: 
      objectReference: {fileID: 0}
    - target: {fileID: 1528284288, guid: aed119a9155920946ba661df9c899160, type: 3}
      propertyPath: m_Mesh
      value: 
      objectReference: {fileID: 0}
    - target: {fileID: 1631578702, guid: aed119a9155920946ba661df9c899160, type: 3}
      propertyPath: m_Mesh
      value: 
      objectReference: {fileID: 0}
    - target: {fileID: 1958645999, guid: aed119a9155920946ba661df9c899160, type: 3}
      propertyPath: m_Mesh
      value: 
      objectReference: {fileID: 0}
    - target: {fileID: 1650923032030485084, guid: aed119a9155920946ba661df9c899160,
        type: 3}
      propertyPath: m_IsActive
      value: 1
      objectReference: {fileID: 0}
    - target: {fileID: 4369604941202775520, guid: aed119a9155920946ba661df9c899160,
        type: 3}
      propertyPath: m_LocalRotation.w
      value: 1
      objectReference: {fileID: 0}
    - target: {fileID: 4369604941202775520, guid: aed119a9155920946ba661df9c899160,
        type: 3}
      propertyPath: m_LocalRotation.x
      value: 0
      objectReference: {fileID: 0}
    - target: {fileID: 4369604941202775520, guid: aed119a9155920946ba661df9c899160,
        type: 3}
      propertyPath: m_LocalEulerAnglesHint.x
      value: 0
      objectReference: {fileID: 0}
    - target: {fileID: 4369604941202775523, guid: aed119a9155920946ba661df9c899160,
        type: 3}
      propertyPath: size
      value: 0.3
      objectReference: {fileID: 0}
    - target: {fileID: 4369604941202775523, guid: aed119a9155920946ba661df9c899160,
        type: 3}
      propertyPath: pattern
      value: 
      objectReference: {fileID: 861676938773187527}
    - target: {fileID: 5201636788024247956, guid: aed119a9155920946ba661df9c899160,
        type: 3}
      propertyPath: spriteSheetOriginals.Array.size
      value: 52
      objectReference: {fileID: 0}
    - target: {fileID: 5394070393945417139, guid: aed119a9155920946ba661df9c899160,
        type: 3}
      propertyPath: m_IsActive
      value: 1
      objectReference: {fileID: 0}
    - target: {fileID: 5800240224289005941, guid: aed119a9155920946ba661df9c899160,
        type: 3}
      propertyPath: m_RootOrder
      value: 0
      objectReference: {fileID: 0}
    - target: {fileID: 5800240224289005941, guid: aed119a9155920946ba661df9c899160,
        type: 3}
      propertyPath: m_LocalPosition.x
      value: 23.981567
      objectReference: {fileID: 0}
    - target: {fileID: 5800240224289005941, guid: aed119a9155920946ba661df9c899160,
        type: 3}
      propertyPath: m_LocalPosition.y
      value: 0.19999999
      objectReference: {fileID: 0}
    - target: {fileID: 5800240224289005941, guid: aed119a9155920946ba661df9c899160,
        type: 3}
      propertyPath: m_LocalPosition.z
      value: 5.331402
      objectReference: {fileID: 0}
    - target: {fileID: 5800240224289005941, guid: aed119a9155920946ba661df9c899160,
        type: 3}
      propertyPath: m_LocalRotation.w
      value: 1
      objectReference: {fileID: 0}
    - target: {fileID: 5800240224289005941, guid: aed119a9155920946ba661df9c899160,
        type: 3}
      propertyPath: m_LocalRotation.x
      value: 0
      objectReference: {fileID: 0}
    - target: {fileID: 5800240224289005941, guid: aed119a9155920946ba661df9c899160,
        type: 3}
      propertyPath: m_LocalRotation.y
      value: 0
      objectReference: {fileID: 0}
    - target: {fileID: 5800240224289005941, guid: aed119a9155920946ba661df9c899160,
        type: 3}
      propertyPath: m_LocalRotation.z
      value: 0
      objectReference: {fileID: 0}
    - target: {fileID: 5800240224289005941, guid: aed119a9155920946ba661df9c899160,
        type: 3}
      propertyPath: m_LocalEulerAnglesHint.x
      value: 0
      objectReference: {fileID: 0}
    - target: {fileID: 5800240224289005941, guid: aed119a9155920946ba661df9c899160,
        type: 3}
      propertyPath: m_LocalEulerAnglesHint.y
      value: 0
      objectReference: {fileID: 0}
    - target: {fileID: 5800240224289005941, guid: aed119a9155920946ba661df9c899160,
        type: 3}
      propertyPath: m_LocalEulerAnglesHint.z
      value: 0
      objectReference: {fileID: 0}
    - target: {fileID: 5941269952529605324, guid: aed119a9155920946ba661df9c899160,
        type: 3}
      propertyPath: integerEvents._keys.Array.size
      value: 0
      objectReference: {fileID: 0}
    - target: {fileID: 5941269952529605324, guid: aed119a9155920946ba661df9c899160,
        type: 3}
      propertyPath: integerEvents._values.Array.size
      value: 0
      objectReference: {fileID: 0}
    - target: {fileID: 5941269952529605324, guid: aed119a9155920946ba661df9c899160,
        type: 3}
      propertyPath: integerEvents._keys.Array.data[0]
      value: 1
      objectReference: {fileID: 0}
    - target: {fileID: 5941269952529605324, guid: aed119a9155920946ba661df9c899160,
        type: 3}
      propertyPath: integerEvents._keyValues.Array.size
      value: 0
      objectReference: {fileID: 0}
    - target: {fileID: 5941269952529605324, guid: aed119a9155920946ba661df9c899160,
        type: 3}
      propertyPath: integerEvents._keyValues.Array.data[0]
      value: 1
      objectReference: {fileID: 0}
    - target: {fileID: 5941269952529605324, guid: aed119a9155920946ba661df9c899160,
        type: 3}
      propertyPath: integerEvents._values.Array.data[0].m_TypeName
      value: UnityEngine.Events.UnityEvent, UnityEngine.CoreModule, Version=0.0.0.0,
        Culture=neutral, PublicKeyToken=null
      objectReference: {fileID: 0}
    - target: {fileID: 5941269952529605324, guid: aed119a9155920946ba661df9c899160,
        type: 3}
      propertyPath: integerEvents._values.Array.data[0].m_PersistentCalls.m_Calls.Array.size
      value: 0
      objectReference: {fileID: 0}
    - target: {fileID: 5941269952529605324, guid: aed119a9155920946ba661df9c899160,
        type: 3}
      propertyPath: integerEvents._values.Array.data[0].m_PersistentCalls.m_Calls.Array.data[0].m_Mode
      value: 1
      objectReference: {fileID: 0}
    - target: {fileID: 5941269952529605324, guid: aed119a9155920946ba661df9c899160,
        type: 3}
      propertyPath: integerEvents._values.Array.data[0].m_PersistentCalls.m_Calls.Array.data[0].m_Target
      value: 
      objectReference: {fileID: 5028900181920735681}
    - target: {fileID: 5941269952529605324, guid: aed119a9155920946ba661df9c899160,
        type: 3}
      propertyPath: integerEvents._values.Array.data[0].m_PersistentCalls.m_Calls.Array.data[0].m_CallState
      value: 2
      objectReference: {fileID: 0}
    - target: {fileID: 6394649797767663259, guid: aed119a9155920946ba661df9c899160,
        type: 3}
      propertyPath: attackData.fireKnockback
      value: 15
      objectReference: {fileID: 0}
    - target: {fileID: 6394649797767663259, guid: aed119a9155920946ba661df9c899160,
        type: 3}
      propertyPath: onAttackPhaseTriggered.m_PersistentCalls.m_Calls.Array.size
      value: 1
      objectReference: {fileID: 0}
    - target: {fileID: 6394649797767663259, guid: aed119a9155920946ba661df9c899160,
        type: 3}
      propertyPath: onAttackPhaseTriggered.m_PersistentCalls.m_Calls.Array.data[0].m_Mode
      value: 0
      objectReference: {fileID: 0}
    - target: {fileID: 6394649797767663259, guid: aed119a9155920946ba661df9c899160,
        type: 3}
      propertyPath: onAttackPhaseTriggered.m_PersistentCalls.m_Calls.Array.data[0].m_Target
      value: 
      objectReference: {fileID: 7288266333633688809}
    - target: {fileID: 6394649797767663259, guid: aed119a9155920946ba661df9c899160,
        type: 3}
      propertyPath: onAttackPhaseTriggered.m_PersistentCalls.m_Calls.Array.data[0].m_CallState
      value: 2
      objectReference: {fileID: 0}
    - target: {fileID: 6394649797767663259, guid: aed119a9155920946ba661df9c899160,
        type: 3}
      propertyPath: onAttackPhaseTriggered.m_PersistentCalls.m_Calls.Array.data[0].m_MethodName
      value: OnTriggerIntegerEvent
      objectReference: {fileID: 0}
    - target: {fileID: 6394649797767663259, guid: aed119a9155920946ba661df9c899160,
        type: 3}
      propertyPath: onAttackPhaseTriggered.m_PersistentCalls.m_Calls.Array.data[0].m_Arguments.m_ObjectArgumentAssemblyTypeName
      value: UnityEngine.Object, UnityEngine
      objectReference: {fileID: 0}
    - target: {fileID: 6419721765350073300, guid: aed119a9155920946ba661df9c899160,
        type: 3}
      propertyPath: m_Size
      value: 28.782015
      objectReference: {fileID: 0}
    - target: {fileID: 6419721765350073300, guid: aed119a9155920946ba661df9c899160,
        type: 3}
      propertyPath: m_LocalReferencePoint.x
      value: 0
      objectReference: {fileID: 0}
    - target: {fileID: 6419721765350073300, guid: aed119a9155920946ba661df9c899160,
        type: 3}
      propertyPath: m_LocalReferencePoint.y
      value: 1.1199999
      objectReference: {fileID: 0}
    - target: {fileID: 6419721765350073300, guid: aed119a9155920946ba661df9c899160,
        type: 3}
      propertyPath: m_LocalReferencePoint.z
      value: 12.391007
      objectReference: {fileID: 0}
    - target: {fileID: 6419721765350073300, guid: aed119a9155920946ba661df9c899160,
        type: 3}
      propertyPath: m_LODs.Array.data[0].renderers.Array.size
      value: 27
      objectReference: {fileID: 0}
    - target: {fileID: 6419721765350073300, guid: aed119a9155920946ba661df9c899160,
        type: 3}
      propertyPath: m_LODs.Array.data[0].renderers.Array.data[26].renderer
      value: 
      objectReference: {fileID: 2902939606651670314}
    - target: {fileID: 6419721765350073300, guid: aed119a9155920946ba661df9c899160,
        type: 3}
      propertyPath: m_LODs.Array.data[0].renderers.Array.data[27].renderer
      value: 
      objectReference: {fileID: 6145724559406736968}
    - target: {fileID: 8258616573604820964, guid: aed119a9155920946ba661df9c899160,
        type: 3}
      propertyPath: m_Name
      value: Ground Shooting Owl - Lethal Laser - Knockback Grenade - Reflector
      objectReference: {fileID: 0}
    - target: {fileID: 8258616573604820964, guid: aed119a9155920946ba661df9c899160,
        type: 3}
      propertyPath: m_IsActive
      value: 1
      objectReference: {fileID: 0}
    - target: {fileID: 8677579654474981223, guid: aed119a9155920946ba661df9c899160,
        type: 3}
      propertyPath: m_IsActive
      value: 1
      objectReference: {fileID: 0}
    - target: {fileID: 9029728506600838291, guid: aed119a9155920946ba661df9c899160,
        type: 3}
      propertyPath: m_RootOrder
      value: 7
      objectReference: {fileID: 0}
    m_RemovedComponents: []
  m_SourcePrefab: {fileID: 100100000, guid: aed119a9155920946ba661df9c899160, type: 3}
--- !u!1 &5028900181920735681 stripped
GameObject:
  m_CorrespondingSourceObject: {fileID: 8258616573604820964, guid: aed119a9155920946ba661df9c899160,
    type: 3}
  m_PrefabInstance: {fileID: 3987583524995995173}
  m_PrefabAsset: {fileID: 0}
--- !u!4 &7433237186142254928 stripped
Transform:
  m_CorrespondingSourceObject: {fileID: 5800240224289005941, guid: aed119a9155920946ba661df9c899160,
    type: 3}
  m_PrefabInstance: {fileID: 3987583524995995173}
  m_PrefabAsset: {fileID: 0}
--- !u!114 &7288266333633688809 stripped
MonoBehaviour:
  m_CorrespondingSourceObject: {fileID: 5941269952529605324, guid: aed119a9155920946ba661df9c899160,
    type: 3}
  m_PrefabInstance: {fileID: 3987583524995995173}
  m_PrefabAsset: {fileID: 0}
  m_GameObject: {fileID: 0}
  m_Enabled: 1
  m_EditorHideFlags: 0
  m_Script: {fileID: 11500000, guid: 104963e590b6909439f60246574521bc, type: 3}
  m_Name: 
  m_EditorClassIdentifier: 
--- !u!114 &861676938773187527 stripped
MonoBehaviour:
  m_CorrespondingSourceObject: {fileID: 4369604941202775522, guid: aed119a9155920946ba661df9c899160,
    type: 3}
  m_PrefabInstance: {fileID: 3987583524995995173}
  m_PrefabAsset: {fileID: 0}
  m_GameObject: {fileID: 0}
  m_Enabled: 1
  m_EditorHideFlags: 0
  m_Script: {fileID: 11500000, guid: 67c808f54c57f0d47a32473e129c795c, type: 3}
  m_Name: 
  m_EditorClassIdentifier: 
--- !u!212 &6145724559406736968 stripped
SpriteRenderer:
  m_CorrespondingSourceObject: {fileID: 7070442483557281901, guid: aed119a9155920946ba661df9c899160,
    type: 3}
  m_PrefabInstance: {fileID: 3987583524995995173}
  m_PrefabAsset: {fileID: 0}
--- !u!1001 &6748713266646480488
PrefabInstance:
  m_ObjectHideFlags: 0
  serializedVersion: 2
  m_Modification:
    m_TransformParent: {fileID: 7433237186142254928}
    m_Modifications:
    - target: {fileID: 336140367210255414, guid: 763be2f8bf0585b4db89e0c85dbf7dae,
        type: 3}
      propertyPath: m_Name
      value: Protective Sphere Shield (1)
      objectReference: {fileID: 0}
    - target: {fileID: 1512253766091146503, guid: 763be2f8bf0585b4db89e0c85dbf7dae,
        type: 3}
      propertyPath: m_RootOrder
      value: 5
      objectReference: {fileID: 0}
    - target: {fileID: 1512253766091146503, guid: 763be2f8bf0585b4db89e0c85dbf7dae,
        type: 3}
      propertyPath: m_LocalPosition.x
      value: 0
      objectReference: {fileID: 0}
    - target: {fileID: 1512253766091146503, guid: 763be2f8bf0585b4db89e0c85dbf7dae,
        type: 3}
      propertyPath: m_LocalPosition.y
      value: 1.12
      objectReference: {fileID: 0}
    - target: {fileID: 1512253766091146503, guid: 763be2f8bf0585b4db89e0c85dbf7dae,
        type: 3}
      propertyPath: m_LocalPosition.z
      value: 0
      objectReference: {fileID: 0}
    - target: {fileID: 1512253766091146503, guid: 763be2f8bf0585b4db89e0c85dbf7dae,
        type: 3}
      propertyPath: m_LocalRotation.x
      value: -0
      objectReference: {fileID: 0}
    - target: {fileID: 1512253766091146503, guid: 763be2f8bf0585b4db89e0c85dbf7dae,
        type: 3}
      propertyPath: m_LocalRotation.y
      value: -0
      objectReference: {fileID: 0}
    - target: {fileID: 1512253766091146503, guid: 763be2f8bf0585b4db89e0c85dbf7dae,
        type: 3}
      propertyPath: m_LocalRotation.z
      value: -0
      objectReference: {fileID: 0}
    m_RemovedComponents: []
  m_SourcePrefab: {fileID: 100100000, guid: 763be2f8bf0585b4db89e0c85dbf7dae, type: 3}
--- !u!23 &2902939606651670314 stripped
MeshRenderer:
  m_CorrespondingSourceObject: {fileID: 8494192163235526978, guid: 763be2f8bf0585b4db89e0c85dbf7dae,
    type: 3}
  m_PrefabInstance: {fileID: 6748713266646480488}
  m_PrefabAsset: {fileID: 0}
