%YAML 1.1
%TAG !u! tag:unity3d.com,2011:
--- !u!114 &6725129831002924145
MonoBehaviour:
  m_ObjectHideFlags: 0
  m_CorrespondingSourceObject: {fileID: 0}
  m_PrefabInstance: {fileID: 0}
  m_PrefabAsset: {fileID: 0}
  m_GameObject: {fileID: 5133825483859387444}
  m_Enabled: 1
  m_EditorHideFlags: 0
  m_Script: {fileID: 11500000, guid: 8607d49e1b60a4e1c9ead21dbb0c2b80, type: 3}
  m_Name: 
  m_EditorClassIdentifier: 
  triggerLayers:
    serializedVersion: 2
    m_Bits: 2048
  spawned: {fileID: 4488001953758712802, guid: ff714904647dc864a820a6045641550e, type: 3}
--- !u!114 &7078670007708702731
MonoBehaviour:
  m_ObjectHideFlags: 0
  m_CorrespondingSourceObject: {fileID: 0}
  m_PrefabInstance: {fileID: 0}
  m_PrefabAsset: {fileID: 0}
  m_GameObject: {fileID: 5133825483859387444}
  m_Enabled: 1
  m_EditorHideFlags: 0
  m_Script: {fileID: 11500000, guid: 9dbb3a7ec0e6e1543a2ab1682855c470, type: 3}
  m_Name: 
  m_EditorClassIdentifier: 
  followerPrefab: {fileID: 3690965462455397106, guid: fa944a03c681768498a66bc6a5ffce10,
    type: 3}
--- !u!114 &8848751149354605401
MonoBehaviour:
  m_ObjectHideFlags: 0
  m_CorrespondingSourceObject: {fileID: 0}
  m_PrefabInstance: {fileID: 0}
  m_PrefabAsset: {fileID: 0}
  m_GameObject: {fileID: 5133825483859387444}
  m_Enabled: 1
  m_EditorHideFlags: 0
  m_Script: {fileID: 11500000, guid: 325eae5e1580742aba515d9fa77fa94b, type: 3}
  m_Name: 
  m_EditorClassIdentifier: 
  onEnable:
    m_PersistentCalls:
      m_Calls:
      - m_Target: {fileID: 7078670007708702731}
        m_MethodName: SpawnFollower
        m_Mode: 1
        m_Arguments:
          m_ObjectArgument: {fileID: 0}
          m_ObjectArgumentAssemblyTypeName: UnityEngine.Object, UnityEngine
          m_IntArgument: 0
          m_FloatArgument: 0
          m_StringArgument: 
          m_BoolArgument: 0
        m_CallState: 2
--- !u!1001 &5909137695145553854
PrefabInstance:
  m_ObjectHideFlags: 0
  serializedVersion: 2
  m_Modification:
    m_TransformParent: {fileID: 0}
    m_Modifications:
    - target: {fileID: 227172561055113432, guid: 9aa94727e99c349e49f70cba2c2e7288,
        type: 3}
      propertyPath: m_Materials.Array.data[0]
      value: 
      objectReference: {fileID: 2100000, guid: 9c4e602afc4324c159a032d8baaf4957, type: 2}
    - target: {fileID: 1530795608431659914, guid: 9aa94727e99c349e49f70cba2c2e7288,
        type: 3}
      propertyPath: m_Name
      value: Aoe Bullet - Ice Blue (Ice)
      objectReference: {fileID: 0}
    - target: {fileID: 4476218571914471280, guid: 9aa94727e99c349e49f70cba2c2e7288,
        type: 3}
      propertyPath: m_Materials.Array.data[0]
      value: 
      objectReference: {fileID: 2100000, guid: cb066e2bf2fc542f0a6ef2221f188815, type: 2}
    - target: {fileID: 4587565213741485445, guid: 9aa94727e99c349e49f70cba2c2e7288,
        type: 3}
      propertyPath: m_RootOrder
      value: 0
      objectReference: {fileID: 0}
    - target: {fileID: 4587565213741485445, guid: 9aa94727e99c349e49f70cba2c2e7288,
        type: 3}
      propertyPath: m_LocalPosition.x
      value: 57.608
      objectReference: {fileID: 0}
    - target: {fileID: 4587565213741485445, guid: 9aa94727e99c349e49f70cba2c2e7288,
        type: 3}
      propertyPath: m_LocalPosition.y
      value: 9.126
      objectReference: {fileID: 0}
    - target: {fileID: 4587565213741485445, guid: 9aa94727e99c349e49f70cba2c2e7288,
        type: 3}
      propertyPath: m_LocalPosition.z
      value: 234.839
      objectReference: {fileID: 0}
    - target: {fileID: 4587565213741485445, guid: 9aa94727e99c349e49f70cba2c2e7288,
        type: 3}
      propertyPath: m_LocalRotation.w
      value: 1
      objectReference: {fileID: 0}
    - target: {fileID: 4587565213741485445, guid: 9aa94727e99c349e49f70cba2c2e7288,
        type: 3}
      propertyPath: m_LocalRotation.x
      value: -0
      objectReference: {fileID: 0}
    - target: {fileID: 4587565213741485445, guid: 9aa94727e99c349e49f70cba2c2e7288,
        type: 3}
      propertyPath: m_LocalRotation.y
      value: -0
      objectReference: {fileID: 0}
    - target: {fileID: 4587565213741485445, guid: 9aa94727e99c349e49f70cba2c2e7288,
        type: 3}
      propertyPath: m_LocalRotation.z
      value: -0
      objectReference: {fileID: 0}
    - target: {fileID: 4587565213741485445, guid: 9aa94727e99c349e49f70cba2c2e7288,
        type: 3}
      propertyPath: m_LocalEulerAnglesHint.x
      value: 0
      objectReference: {fileID: 0}
    - target: {fileID: 4587565213741485445, guid: 9aa94727e99c349e49f70cba2c2e7288,
        type: 3}
      propertyPath: m_LocalEulerAnglesHint.y
      value: 0
      objectReference: {fileID: 0}
    - target: {fileID: 4587565213741485445, guid: 9aa94727e99c349e49f70cba2c2e7288,
        type: 3}
      propertyPath: m_LocalEulerAnglesHint.z
      value: 0
      objectReference: {fileID: 0}
    - target: {fileID: 5801929573147268060, guid: 9aa94727e99c349e49f70cba2c2e7288,
        type: 3}
      propertyPath: m_Mesh
      value: 
      objectReference: {fileID: 0}
    - target: {fileID: 6529708013912551845, guid: 9aa94727e99c349e49f70cba2c2e7288,
        type: 3}
      propertyPath: m_IsActive
      value: 1
      objectReference: {fileID: 0}
    - target: {fileID: 6570384820138837906, guid: 9aa94727e99c349e49f70cba2c2e7288,
        type: 3}
      propertyPath: m_Materials.Array.data[0]
      value: 
      objectReference: {fileID: 2100000, guid: 9c4e602afc4324c159a032d8baaf4957, type: 2}
    - target: {fileID: 8645258896256327452, guid: 9aa94727e99c349e49f70cba2c2e7288,
        type: 3}
      propertyPath: onCollision.m_PersistentCalls.m_Calls.Array.size
      value: 3
      objectReference: {fileID: 0}
    - target: {fileID: 8645258896256327452, guid: 9aa94727e99c349e49f70cba2c2e7288,
        type: 3}
      propertyPath: onSelfDestruct.m_PersistentCalls.m_Calls.Array.size
      value: 3
      objectReference: {fileID: 0}
    - target: {fileID: 8645258896256327452, guid: 9aa94727e99c349e49f70cba2c2e7288,
        type: 3}
      propertyPath: onCollision.m_PersistentCalls.m_Calls.Array.data[0].m_Mode
      value: 1
      objectReference: {fileID: 0}
    - target: {fileID: 8645258896256327452, guid: 9aa94727e99c349e49f70cba2c2e7288,
        type: 3}
      propertyPath: onCollision.m_PersistentCalls.m_Calls.Array.data[1].m_Mode
      value: 2
      objectReference: {fileID: 0}
    - target: {fileID: 8645258896256327452, guid: 9aa94727e99c349e49f70cba2c2e7288,
        type: 3}
      propertyPath: onCollision.m_PersistentCalls.m_Calls.Array.data[2].m_Mode
      value: 2
      objectReference: {fileID: 0}
    - target: {fileID: 8645258896256327452, guid: 9aa94727e99c349e49f70cba2c2e7288,
        type: 3}
      propertyPath: onCollision.m_PersistentCalls.m_Calls.Array.data[3].m_Mode
      value: 0
      objectReference: {fileID: 0}
    - target: {fileID: 8645258896256327452, guid: 9aa94727e99c349e49f70cba2c2e7288,
        type: 3}
      propertyPath: onCollision.m_PersistentCalls.m_Calls.Array.data[0].m_Target
      value: 
      objectReference: {fileID: 2736878249226383522}
    - target: {fileID: 8645258896256327452, guid: 9aa94727e99c349e49f70cba2c2e7288,
        type: 3}
      propertyPath: onCollision.m_PersistentCalls.m_Calls.Array.data[1].m_Target
      value: 
      objectReference: {fileID: 4997798235121375256}
    - target: {fileID: 8645258896256327452, guid: 9aa94727e99c349e49f70cba2c2e7288,
        type: 3}
      propertyPath: onCollision.m_PersistentCalls.m_Calls.Array.data[2].m_Target
      value: 
      objectReference: {fileID: 5063204558005220785}
    - target: {fileID: 8645258896256327452, guid: 9aa94727e99c349e49f70cba2c2e7288,
        type: 3}
      propertyPath: onCollision.m_PersistentCalls.m_Calls.Array.data[3].m_Target
      value: 
      objectReference: {fileID: 6725129831002924145}
    - target: {fileID: 8645258896256327452, guid: 9aa94727e99c349e49f70cba2c2e7288,
        type: 3}
      propertyPath: onSelfDestruct.m_PersistentCalls.m_Calls.Array.data[2].m_Mode
      value: 1
      objectReference: {fileID: 0}
    - target: {fileID: 8645258896256327452, guid: 9aa94727e99c349e49f70cba2c2e7288,
        type: 3}
      propertyPath: onCollision.m_PersistentCalls.m_Calls.Array.data[1].m_CallState
      value: 2
      objectReference: {fileID: 0}
    - target: {fileID: 8645258896256327452, guid: 9aa94727e99c349e49f70cba2c2e7288,
        type: 3}
      propertyPath: onCollision.m_PersistentCalls.m_Calls.Array.data[2].m_CallState
      value: 2
      objectReference: {fileID: 0}
    - target: {fileID: 8645258896256327452, guid: 9aa94727e99c349e49f70cba2c2e7288,
        type: 3}
      propertyPath: onCollision.m_PersistentCalls.m_Calls.Array.data[3].m_CallState
      value: 2
      objectReference: {fileID: 0}
    - target: {fileID: 8645258896256327452, guid: 9aa94727e99c349e49f70cba2c2e7288,
        type: 3}
      propertyPath: onSelfDestruct.m_PersistentCalls.m_Calls.Array.data[2].m_Target
      value: 
      objectReference: {fileID: 7078670007708702731}
    - target: {fileID: 8645258896256327452, guid: 9aa94727e99c349e49f70cba2c2e7288,
        type: 3}
      propertyPath: onCollision.m_PersistentCalls.m_Calls.Array.data[0].m_MethodName
      value: Detonate
      objectReference: {fileID: 0}
    - target: {fileID: 8645258896256327452, guid: 9aa94727e99c349e49f70cba2c2e7288,
        type: 3}
      propertyPath: onCollision.m_PersistentCalls.m_Calls.Array.data[1].m_MethodName
      value: Trigger3DSound
      objectReference: {fileID: 0}
    - target: {fileID: 8645258896256327452, guid: 9aa94727e99c349e49f70cba2c2e7288,
        type: 3}
      propertyPath: onCollision.m_PersistentCalls.m_Calls.Array.data[2].m_MethodName
      value: SpawnObject
      objectReference: {fileID: 0}
    - target: {fileID: 8645258896256327452, guid: 9aa94727e99c349e49f70cba2c2e7288,
        type: 3}
      propertyPath: onCollision.m_PersistentCalls.m_Calls.Array.data[3].m_MethodName
      value: TrySpawn
      objectReference: {fileID: 0}
    - target: {fileID: 8645258896256327452, guid: 9aa94727e99c349e49f70cba2c2e7288,
        type: 3}
      propertyPath: onSelfDestruct.m_PersistentCalls.m_Calls.Array.data[2].m_CallState
      value: 2
      objectReference: {fileID: 0}
    - target: {fileID: 8645258896256327452, guid: 9aa94727e99c349e49f70cba2c2e7288,
        type: 3}
      propertyPath: onSelfDestruct.m_PersistentCalls.m_Calls.Array.data[2].m_MethodName
      value: ClearFollower
      objectReference: {fileID: 0}
    - target: {fileID: 8645258896256327452, guid: 9aa94727e99c349e49f70cba2c2e7288,
        type: 3}
      propertyPath: onCollision.m_PersistentCalls.m_Calls.Array.data[0].m_Arguments.m_BoolArgument
      value: 1
      objectReference: {fileID: 0}
    - target: {fileID: 8645258896256327452, guid: 9aa94727e99c349e49f70cba2c2e7288,
        type: 3}
      propertyPath: onCollision.m_PersistentCalls.m_Calls.Array.data[1].m_Arguments.m_BoolArgument
      value: 1
      objectReference: {fileID: 0}
    - target: {fileID: 8645258896256327452, guid: 9aa94727e99c349e49f70cba2c2e7288,
        type: 3}
      propertyPath: onCollision.m_PersistentCalls.m_Calls.Array.data[2].m_Arguments.m_BoolArgument
      value: 1
      objectReference: {fileID: 0}
    - target: {fileID: 8645258896256327452, guid: 9aa94727e99c349e49f70cba2c2e7288,
        type: 3}
      propertyPath: onCollision.m_PersistentCalls.m_Calls.Array.data[3].m_Arguments.m_BoolArgument
      value: 1
      objectReference: {fileID: 0}
    - target: {fileID: 8645258896256327452, guid: 9aa94727e99c349e49f70cba2c2e7288,
        type: 3}
      propertyPath: onCollision.m_PersistentCalls.m_Calls.Array.data[0].m_Arguments.m_ObjectArgument
      value: 
      objectReference: {fileID: 0}
    - target: {fileID: 8645258896256327452, guid: 9aa94727e99c349e49f70cba2c2e7288,
        type: 3}
      propertyPath: onCollision.m_PersistentCalls.m_Calls.Array.data[1].m_Arguments.m_ObjectArgument
      value: 
      objectReference: {fileID: 8300000, guid: eaa9f2ab88d214804924bfd502d038f0, type: 3}
    - target: {fileID: 8645258896256327452, guid: 9aa94727e99c349e49f70cba2c2e7288,
        type: 3}
      propertyPath: onCollision.m_PersistentCalls.m_Calls.Array.data[2].m_Arguments.m_ObjectArgument
      value: 
      objectReference: {fileID: 4488001953758712802, guid: ff714904647dc864a820a6045641550e,
        type: 3}
    - target: {fileID: 8645258896256327452, guid: 9aa94727e99c349e49f70cba2c2e7288,
        type: 3}
      propertyPath: onCollision.m_PersistentCalls.m_Calls.Array.data[3].m_Arguments.m_ObjectArgument
      value: 
      objectReference: {fileID: 0}
    - target: {fileID: 8645258896256327452, guid: 9aa94727e99c349e49f70cba2c2e7288,
        type: 3}
      propertyPath: onSelfDestruct.m_PersistentCalls.m_Calls.Array.data[0].m_Arguments.m_ObjectArgument
      value: 
      objectReference: {fileID: 8300000, guid: 796d80144f2034b1fab7dc38e0d3c6e3, type: 3}
    - target: {fileID: 8645258896256327452, guid: 9aa94727e99c349e49f70cba2c2e7288,
        type: 3}
      propertyPath: onSelfDestruct.m_PersistentCalls.m_Calls.Array.data[1].m_Arguments.m_ObjectArgument
      value: 
      objectReference: {fileID: 1184518574144258780, guid: 004fc48d4c17ec148b217f61b4c35511,
        type: 3}
    - target: {fileID: 8645258896256327452, guid: 9aa94727e99c349e49f70cba2c2e7288,
        type: 3}
      propertyPath: onCollision.m_PersistentCalls.m_Calls.Array.data[1].m_Arguments.m_ObjectArgumentAssemblyTypeName
      value: UnityEngine.AudioClip, UnityEngine
      objectReference: {fileID: 0}
    - target: {fileID: 8645258896256327452, guid: 9aa94727e99c349e49f70cba2c2e7288,
        type: 3}
      propertyPath: onCollision.m_PersistentCalls.m_Calls.Array.data[2].m_Arguments.m_ObjectArgumentAssemblyTypeName
      value: UnityEngine.GameObject, UnityEngine
      objectReference: {fileID: 0}
    - target: {fileID: 8645258896256327452, guid: 9aa94727e99c349e49f70cba2c2e7288,
        type: 3}
      propertyPath: onCollision.m_PersistentCalls.m_Calls.Array.data[3].m_Arguments.m_ObjectArgumentAssemblyTypeName
      value: UnityEngine.Object, UnityEngine
      objectReference: {fileID: 0}
    - target: {fileID: 8645258896256327452, guid: 9aa94727e99c349e49f70cba2c2e7288,
        type: 3}
      propertyPath: onSelfDestruct.m_PersistentCalls.m_Calls.Array.data[2].m_Arguments.m_ObjectArgumentAssemblyTypeName
      value: UnityEngine.Object, UnityEngine
      objectReference: {fileID: 0}
    m_RemovedComponents:
    - {fileID: 5774183516010373753, guid: 9aa94727e99c349e49f70cba2c2e7288, type: 3}
  m_SourcePrefab: {fileID: 100100000, guid: 9aa94727e99c349e49f70cba2c2e7288, type: 3}
--- !u!1 &5133825483859387444 stripped
GameObject:
  m_CorrespondingSourceObject: {fileID: 1530795608431659914, guid: 9aa94727e99c349e49f70cba2c2e7288,
    type: 3}
  m_PrefabInstance: {fileID: 5909137695145553854}
  m_PrefabAsset: {fileID: 0}
--- !u!114 &2736878249226383522 stripped
MonoBehaviour:
  m_CorrespondingSourceObject: {fileID: 8645258896256327452, guid: 9aa94727e99c349e49f70cba2c2e7288,
    type: 3}
  m_PrefabInstance: {fileID: 5909137695145553854}
  m_PrefabAsset: {fileID: 0}
  m_GameObject: {fileID: 5133825483859387444}
  m_Enabled: 1
  m_EditorHideFlags: 0
  m_Script: {fileID: 11500000, guid: 7f217c9894544425b82f377dd261be72, type: 3}
  m_Name: 
  m_EditorClassIdentifier: 
--- !u!114 &5063204558005220785 stripped
MonoBehaviour:
  m_CorrespondingSourceObject: {fileID: 1460684520965495311, guid: 9aa94727e99c349e49f70cba2c2e7288,
    type: 3}
  m_PrefabInstance: {fileID: 5909137695145553854}
  m_PrefabAsset: {fileID: 0}
  m_GameObject: {fileID: 5133825483859387444}
  m_Enabled: 1
  m_EditorHideFlags: 0
  m_Script: {fileID: 11500000, guid: 92ad2ef9ab90c47f68b4c595868f7562, type: 3}
  m_Name: 
  m_EditorClassIdentifier: 
--- !u!114 &4997798235121375256 stripped
MonoBehaviour:
  m_CorrespondingSourceObject: {fileID: 1682875590543062950, guid: 9aa94727e99c349e49f70cba2c2e7288,
    type: 3}
  m_PrefabInstance: {fileID: 5909137695145553854}
  m_PrefabAsset: {fileID: 0}
  m_GameObject: {fileID: 5133825483859387444}
  m_Enabled: 1
  m_EditorHideFlags: 0
  m_Script: {fileID: 11500000, guid: 43056b56cb720480e8647719950070c8, type: 3}
  m_Name: 
  m_EditorClassIdentifier: 
