%YAML 1.1
%TAG !u! tag:unity3d.com,2011:
--- !u!1 &5863797541594638151
GameObject:
  m_ObjectHideFlags: 0
  m_CorrespondingSourceObject: {fileID: 0}
  m_PrefabInstance: {fileID: 0}
  m_PrefabAsset: {fileID: 0}
  serializedVersion: 6
  m_Component:
  - component: {fileID: 5863797541594638150}
  - component: {fileID: 5863797541594638170}
  - component: {fileID: 5863797541594638171}
  - component: {fileID: 6837023268166620035}
  - component: {fileID: 6356542356849110652}
  - component: {fileID: 748823521674410754}
  - component: {fileID: 7442736835780935651}
  - component: {fileID: 3277257287920915109}
  - component: {fileID: 1920492627077579306}
  - component: {fileID: 1102380900507272797}
  - component: {fileID: 4721800635297094324}
  m_Layer: 17
  m_Name: MovPlat_Platform_SmallSimple
  m_TagString: NoclipPlatform
  m_Icon: {fileID: 0}
  m_NavMeshLayer: 0
  m_StaticEditorFlags: 16
  m_IsActive: 1
--- !u!4 &5863797541594638150
Transform:
  m_ObjectHideFlags: 0
  m_CorrespondingSourceObject: {fileID: 0}
  m_PrefabInstance: {fileID: 0}
  m_PrefabAsset: {fileID: 0}
  m_GameObject: {fileID: 5863797541594638151}
  m_LocalRotation: {x: -0, y: -0, z: -0, w: 1}
  m_LocalPosition: {x: 0.049999237, y: -0.09099978, z: 0.049999714}
  m_LocalScale: {x: 1, y: 1, z: 1}
  m_Children: []
  m_Father: {fileID: 0}
  m_RootOrder: 0
  m_LocalEulerAnglesHint: {x: 0, y: 0, z: 0}
--- !u!33 &5863797541594638170
MeshFilter:
  m_ObjectHideFlags: 0
  m_CorrespondingSourceObject: {fileID: 0}
  m_PrefabInstance: {fileID: 0}
  m_PrefabAsset: {fileID: 0}
  m_GameObject: {fileID: 5863797541594638151}
  m_Mesh: {fileID: 4300000, guid: b64b74bfce7140742aba77d525bdbc24, type: 2}
--- !u!23 &5863797541594638171
MeshRenderer:
  m_ObjectHideFlags: 0
  m_CorrespondingSourceObject: {fileID: 0}
  m_PrefabInstance: {fileID: 0}
  m_PrefabAsset: {fileID: 0}
  m_GameObject: {fileID: 5863797541594638151}
  m_Enabled: 1
  m_CastShadows: 1
  m_ReceiveShadows: 1
  m_DynamicOccludee: 1
  m_MotionVectors: 1
  m_LightProbeUsage: 1
  m_ReflectionProbeUsage: 1
  m_RayTracingMode: 2
  m_RenderingLayerMask: 1
  m_RendererPriority: 0
  m_Materials:
  - {fileID: 2100000, guid: 443b4e8b0a44040d8b2b7e227d3bf461, type: 2}
  - {fileID: 2100000, guid: bb4d0c4fadf3b4ef991013eed98366a5, type: 2}
  m_StaticBatchInfo:
    firstSubMesh: 0
    subMeshCount: 0
  m_StaticBatchRoot: {fileID: 0}
  m_ProbeAnchor: {fileID: 0}
  m_LightProbeVolumeOverride: {fileID: 0}
  m_ScaleInLightmap: 1
  m_ReceiveGI: 1
  m_PreserveUVs: 0
  m_IgnoreNormalsForChartDetection: 0
  m_ImportantGI: 0
  m_StitchLightmapSeams: 0
  m_SelectedEditorRenderState: 2
  m_MinimumChartSize: 4
  m_AutoUVMaxDistance: 0.5
  m_AutoUVMaxAngle: 89
  m_LightmapParameters: {fileID: 0}
  m_SortingLayerID: 0
  m_SortingLayer: 0
  m_SortingOrder: 0
--- !u!65 &6837023268166620035
BoxCollider:
  m_ObjectHideFlags: 0
  m_CorrespondingSourceObject: {fileID: 0}
  m_PrefabInstance: {fileID: 0}
  m_PrefabAsset: {fileID: 0}
  m_GameObject: {fileID: 5863797541594638151}
  m_Material: {fileID: 0}
  m_IsTrigger: 0
  m_Enabled: 1
  serializedVersion: 2
  m_Size: {x: 2.5, y: 1, z: 2.5}
  m_Center: {x: 0, y: 0, z: 0.00000047683716}
--- !u!114 &6356542356849110652
MonoBehaviour:
  m_ObjectHideFlags: 0
  m_CorrespondingSourceObject: {fileID: 0}
  m_PrefabInstance: {fileID: 0}
  m_PrefabAsset: {fileID: 0}
  m_GameObject: {fileID: 5863797541594638151}
  m_Enabled: 1
  m_EditorHideFlags: 0
  m_Script: {fileID: 11500000, guid: 5d707231473129c4d913705d79a55301, type: 3}
  m_Name: 
  m_EditorClassIdentifier: 
  mover: {fileID: 7442736835780935651}
  distanceCheckScalar: 1
  optimizerScalar: 1
  path: {fileID: 0}
  speed: 2
  rotationType: 0
  turnAxis: {x: 0, y: 0, z: 0}
  turnSpeed: 0
  rotationTarget: {fileID: 0}
  rotationOffset: 0
  maxDistanceToGoal: 0.1
  overrideResetPath: 0
  startDelay: 0
  waitDelay: 0
  disableIfFinished: 0
  onFinished:
    m_PersistentCalls:
      m_Calls: []
  onNodeLeft:
    m_PersistentCalls:
      m_Calls: []
  onNodeReached:
    m_PersistentCalls:
      m_Calls: []
  onTargetNodesReached: []
  snapToPathOnStart: 0
--- !u!54 &748823521674410754
Rigidbody:
  m_ObjectHideFlags: 0
  m_CorrespondingSourceObject: {fileID: 0}
  m_PrefabInstance: {fileID: 0}
  m_PrefabAsset: {fileID: 0}
  m_GameObject: {fileID: 5863797541594638151}
  serializedVersion: 2
  m_Mass: 1
  m_Drag: 0
  m_AngularDrag: 0
  m_UseGravity: 0
  m_IsKinematic: 1
  m_Interpolate: 0
  m_Constraints: 0
  m_CollisionDetection: 0
--- !u!114 &7442736835780935651
MonoBehaviour:
  m_ObjectHideFlags: 0
  m_CorrespondingSourceObject: {fileID: 0}
  m_PrefabInstance: {fileID: 0}
  m_PrefabAsset: {fileID: 0}
  m_GameObject: {fileID: 5863797541594638151}
  m_Enabled: 1
  m_EditorHideFlags: 0
  m_Script: {fileID: 11500000, guid: 9bf9d4c4f0f8629478d9747008118de6, type: 3}
  m_Name: 
  m_EditorClassIdentifier: 
  Rigidbody: {fileID: 748823521674410754}
--- !u!114 &3277257287920915109
MonoBehaviour:
  m_ObjectHideFlags: 0
  m_CorrespondingSourceObject: {fileID: 0}
  m_PrefabInstance: {fileID: 0}
  m_PrefabAsset: {fileID: 0}
  m_GameObject: {fileID: 5863797541594638151}
  m_Enabled: 1
  m_EditorHideFlags: 0
  m_Script: {fileID: 11500000, guid: 8cb5599dbecac4fcf89b0860c936bdf6, type: 3}
  m_Name: 
  m_EditorClassIdentifier: 
  offset: {x: 0, y: 0, z: 0}
  iconPath: GIZMO_MovingPlat.png
  allowScaling: 0
  onlyWhenSelected: 0
--- !u!114 &1920492627077579306
MonoBehaviour:
  m_ObjectHideFlags: 0
  m_CorrespondingSourceObject: {fileID: 0}
  m_PrefabInstance: {fileID: 0}
  m_PrefabAsset: {fileID: 0}
  m_GameObject: {fileID: 5863797541594638151}
  m_Enabled: 1
  m_EditorHideFlags: 0
  m_Script: {fileID: 11500000, guid: 08cdfba7c4ba0f24091fdcbfaa2b9fa1, type: 3}
  m_Name: 
  m_EditorClassIdentifier: 
--- !u!114 &1102380900507272797
MonoBehaviour:
  m_ObjectHideFlags: 0
  m_CorrespondingSourceObject: {fileID: 0}
  m_PrefabInstance: {fileID: 0}
  m_PrefabAsset: {fileID: 0}
  m_GameObject: {fileID: 5863797541594638151}
  m_Enabled: 1
  m_EditorHideFlags: 0
  m_Script: {fileID: 11500000, guid: 32d283f7ca1351d44b57f85ae3e5fcdd, type: 3}
  m_Name: 
  m_EditorClassIdentifier: 
  slowResistance: 1
  ignorePhysicsAspect: 0
  log: 0
--- !u!205 &4721800635297094324
LODGroup:
  m_ObjectHideFlags: 0
  m_CorrespondingSourceObject: {fileID: 0}
  m_PrefabInstance: {fileID: 0}
  m_PrefabAsset: {fileID: 0}
  m_GameObject: {fileID: 5863797541594638151}
  serializedVersion: 2
  m_LocalReferencePoint: {x: 0, y: 0.007275939, z: 0.00000047683716}
  m_Size: 2.5
  m_FadeMode: 1
  m_AnimateCrossFading: 1
  m_LastLODIsBillboard: 0
  m_LODs:
  - screenRelativeHeight: 0.025057293
    fadeTransitionWidth: 0
    renderers:
    - renderer: {fileID: 5863797541594638171}
  m_Enabled: 1
