%YAML 1.1
%TAG !u! tag:unity3d.com,2011:
--- !u!1 &573994643701832727
GameObject:
  m_ObjectHideFlags: 0
  m_CorrespondingSourceObject: {fileID: 0}
  m_PrefabInstance: {fileID: 0}
  m_PrefabAsset: {fileID: 0}
  serializedVersion: 6
  m_Component:
  - component: {fileID: 5761510538159649142}
  - component: {fileID: 2213211357554395134}
  - component: {fileID: 1712843747826372977}
  - component: {fileID: 157450386509660192}
  m_Layer: 12
  m_Name: Nav Updater
  m_TagString: Untagged
  m_Icon: {fileID: 0}
  m_NavMeshLayer: 0
  m_StaticEditorFlags: 0
  m_IsActive: 1
--- !u!4 &5761510538159649142
Transform:
  m_ObjectHideFlags: 0
  m_CorrespondingSourceObject: {fileID: 0}
  m_PrefabInstance: {fileID: 0}
  m_PrefabAsset: {fileID: 0}
  m_GameObject: {fileID: 573994643701832727}
  m_LocalRotation: {x: 0, y: 0, z: 0, w: 1}
  m_LocalPosition: {x: 5.5156016, y: -0.960195, z: -7.0797544}
  m_LocalScale: {x: 0.5, y: 0.5, z: 0.5}
  m_Children: []
  m_Father: {fileID: 0}
  m_RootOrder: 0
  m_LocalEulerAnglesHint: {x: 0, y: 0, z: 0}
--- !u!114 &2213211357554395134
MonoBehaviour:
  m_ObjectHideFlags: 0
  m_CorrespondingSourceObject: {fileID: 0}
  m_PrefabInstance: {fileID: 0}
  m_PrefabAsset: {fileID: 0}
  m_GameObject: {fileID: 573994643701832727}
  m_Enabled: 1
  m_EditorHideFlags: 0
  m_Script: {fileID: 11500000, guid: bee0990edccea4641b4b422dd9cdc6ec, type: 3}
  m_Name: 
  m_EditorClassIdentifier: 
  timer: 0
  duration: 0.25
  variance: 0
  ignoreTimeScale: 0
  repeat: 1
  subtractiveProgress: 0
  onTimerStarted:
    m_PersistentCalls:
      m_Calls: []
  onTimerUpdated:
    m_PersistentCalls:
      m_Calls: []
  onTimerFinished:
    m_PersistentCalls:
      m_Calls:
      - m_Target: {fileID: 1712843747826372977}
        m_MethodName: Apply
        m_Mode: 1
        m_Arguments:
          m_ObjectArgument: {fileID: 0}
          m_ObjectArgumentAssemblyTypeName: UnityEngine.Object, UnityEngine
          m_IntArgument: 0
          m_FloatArgument: 0
          m_StringArgument: 
          m_BoolArgument: 0
        m_CallState: 2
      - m_Target: {fileID: 1712843747826372977}
        m_MethodName: 
        m_Mode: 1
        m_Arguments:
          m_ObjectArgument: {fileID: 0}
          m_ObjectArgumentAssemblyTypeName: 
          m_IntArgument: 0
          m_FloatArgument: 0
          m_StringArgument: 
          m_BoolArgument: 0
        m_CallState: 2
--- !u!114 &1712843747826372977
MonoBehaviour:
  m_ObjectHideFlags: 0
  m_CorrespondingSourceObject: {fileID: 0}
  m_PrefabInstance: {fileID: 0}
  m_PrefabAsset: {fileID: 0}
  m_GameObject: {fileID: 573994643701832727}
  m_Enabled: 1
  m_EditorHideFlags: 0
  m_Script: {fileID: 11500000, guid: efee954c69f0d421086729bb8df1137f, type: 3}
  m_Name: 
  m_EditorClassIdentifier: 
  version: 1
  uniqueID: 5532808655103585010
  points:
  - {x: -4, y: 0, z: -4}
  - {x: 4, y: 0, z: -4}
  - {x: 4, y: 0, z: 4}
  - {x: -4, y: 0, z: 4}
  convex: 1
  minBoundsHeight: 5
  penaltyDelta: 2000
  modifyWalkability: 0
  setWalkability: 0
  applyOnStart: 0
  applyOnScan: 1
  updatePhysics: 1
  resetPenaltyOnPhysics: 0
  updateErosion: 0
  modifyTag: 0
  setTag: 0
  legacyMode: 0
  serializedVersion: 1
  legacyUseWorldSpace: 0
--- !u!114 &157450386509660192
MonoBehaviour:
  m_ObjectHideFlags: 0
  m_CorrespondingSourceObject: {fileID: 0}
  m_PrefabInstance: {fileID: 0}
  m_PrefabAsset: {fileID: 0}
  m_GameObject: {fileID: 573994643701832727}
  m_Enabled: 0
  m_EditorHideFlags: 0
  m_Script: {fileID: 11500000, guid: 6bee0a6fa1f5d4f4db481219040523c4, type: 3}
  m_Name: 
  m_EditorClassIdentifier: 
  version: 1
  type: 0
  mesh: {fileID: 0}
  rectangleSize: {x: 4, y: 4}
  circleRadius: 1
  circleResolution: 6
  height: 2.5
  meshScale: 1
  center: {x: 0, y: 0, z: 0}
  updateDistance: 0.4
  isDual: 0
  cutsAddedGeom: 1
  updateRotationDistance: 10
  useRotationAndScale: 0
