%YAML 1.1
%TAG !u! tag:unity3d.com,2011:
--- !u!1 &155576340226206094
GameObject:
  m_ObjectHideFlags: 0
  m_CorrespondingSourceObject: {fileID: 0}
  m_PrefabInstance: {fileID: 0}
  m_PrefabAsset: {fileID: 0}
  serializedVersion: 6
  m_Component:
  - component: {fileID: 5287978619446725519}
  - component: {fileID: 8344232676640016743}
  - component: {fileID: 1831272265137136092}
  - component: {fileID: 4702395273291329377}
  - component: {fileID: 1921199108764291695}
  - component: {fileID: 7828592707406626626}
  m_Layer: 12
  m_Name: Bouyant Platform Jump Switcher
  m_TagString: Untagged
  m_Icon: {fileID: 0}
  m_NavMeshLayer: 0
  m_StaticEditorFlags: 16
  m_IsActive: 1
--- !u!4 &5287978619446725519
Transform:
  m_ObjectHideFlags: 0
  m_CorrespondingSourceObject: {fileID: 0}
  m_PrefabInstance: {fileID: 0}
  m_PrefabAsset: {fileID: 0}
  m_GameObject: {fileID: 155576340226206094}
  m_LocalRotation: {x: 0, y: 0, z: 0, w: 1}
  m_LocalPosition: {x: 0.64, y: -7.4626274, z: 1.36}
  m_LocalScale: {x: 1, y: 1, z: 1}
  m_Children:
  - {fileID: 7993213177684188184}
  - {fileID: 8283531723959196312}
  - {fileID: 3713989956452320311}
  m_Father: {fileID: 0}
  m_RootOrder: 0
  m_LocalEulerAnglesHint: {x: 0, y: 0, z: 0}
--- !u!114 &8344232676640016743
MonoBehaviour:
  m_ObjectHideFlags: 0
  m_CorrespondingSourceObject: {fileID: 0}
  m_PrefabInstance: {fileID: 0}
  m_PrefabAsset: {fileID: 0}
  m_GameObject: {fileID: 155576340226206094}
  m_Enabled: 1
  m_EditorHideFlags: 0
  m_Script: {fileID: 11500000, guid: 7a093b4b1dd4f424ba2e1724299651f3, type: 3}
  m_Name: 
  m_EditorClassIdentifier: 
  verbType: 0
  onVerbTriggered:
    m_PersistentCalls:
      m_Calls:
      - m_Target: {fileID: 1831272265137136092}
        m_MethodName: ToggleState
        m_Mode: 1
        m_Arguments:
          m_ObjectArgument: {fileID: 0}
          m_ObjectArgumentAssemblyTypeName: UnityEngine.Object, UnityEngine
          m_IntArgument: 0
          m_FloatArgument: 0
          m_StringArgument: 
          m_BoolArgument: 0
        m_CallState: 1
--- !u!114 &1831272265137136092
MonoBehaviour:
  m_ObjectHideFlags: 0
  m_CorrespondingSourceObject: {fileID: 0}
  m_PrefabInstance: {fileID: 0}
  m_PrefabAsset: {fileID: 0}
  m_GameObject: {fileID: 155576340226206094}
  m_Enabled: 1
  m_EditorHideFlags: 0
  m_Script: {fileID: 11500000, guid: caced1ac313a64de0b5db7eace7a5ef5, type: 3}
  m_Name: 
  m_EditorClassIdentifier: 
  active: 0
  activeToggles:
  - {fileID: 2933157377556427203}
  inactiveToggles:
  - {fileID: 4616268424889226755}
  switchSound: {fileID: 8456435993178223787}
--- !u!114 &4702395273291329377
MonoBehaviour:
  m_ObjectHideFlags: 0
  m_CorrespondingSourceObject: {fileID: 0}
  m_PrefabInstance: {fileID: 0}
  m_PrefabAsset: {fileID: 0}
  m_GameObject: {fileID: 155576340226206094}
  m_Enabled: 1
  m_EditorHideFlags: 0
  m_Script: {fileID: 11500000, guid: 8cb5599dbecac4fcf89b0860c936bdf6, type: 3}
  m_Name: 
  m_EditorClassIdentifier: 
  offset: {x: 0, y: 1, z: 0}
  iconPath: GIZMO_ButtonBlock
  allowScaling: 0
  onlyWhenSelected: 0
--- !u!135 &1921199108764291695
SphereCollider:
  m_ObjectHideFlags: 0
  m_CorrespondingSourceObject: {fileID: 0}
  m_PrefabInstance: {fileID: 0}
  m_PrefabAsset: {fileID: 0}
  m_GameObject: {fileID: 155576340226206094}
  m_Material: {fileID: 0}
  m_IsTrigger: 1
  m_Enabled: 1
  serializedVersion: 2
  m_Radius: 10
  m_Center: {x: 0, y: 0, z: 0}
--- !u!114 &7828592707406626626
MonoBehaviour:
  m_ObjectHideFlags: 0
  m_CorrespondingSourceObject: {fileID: 0}
  m_PrefabInstance: {fileID: 0}
  m_PrefabAsset: {fileID: 0}
  m_GameObject: {fileID: 155576340226206094}
  m_Enabled: 1
  m_EditorHideFlags: 0
  m_Script: {fileID: 11500000, guid: fb47a08fd7fd32b4db33ae6f9c38156b, type: 3}
  m_Name: 
  m_EditorClassIdentifier: 
  allowedTags:
  - Player
  onEnter:
    m_PersistentCalls:
      m_Calls:
      - m_Target: {fileID: 1831272265137136092}
        m_MethodName: TurnInsideTriggerOn
        m_Mode: 1
        m_Arguments:
          m_ObjectArgument: {fileID: 0}
          m_ObjectArgumentAssemblyTypeName: UnityEngine.Object, UnityEngine
          m_IntArgument: 0
          m_FloatArgument: 0
          m_StringArgument: 
          m_BoolArgument: 0
        m_CallState: 2
  onExit:
    m_PersistentCalls:
      m_Calls:
      - m_Target: {fileID: 1831272265137136092}
        m_MethodName: TurnInsideTriggerOff
        m_Mode: 1
        m_Arguments:
          m_ObjectArgument: {fileID: 0}
          m_ObjectArgumentAssemblyTypeName: UnityEngine.Object, UnityEngine
          m_IntArgument: 0
          m_FloatArgument: 0
          m_StringArgument: 
          m_BoolArgument: 0
        m_CallState: 2
  repeatDelay: 0
--- !u!114 &4616268424889226755
MonoBehaviour:
  m_ObjectHideFlags: 0
  m_CorrespondingSourceObject: {fileID: 0}
  m_PrefabInstance: {fileID: 0}
  m_PrefabAsset: {fileID: 0}
  m_GameObject: {fileID: 3345505136149018628}
  m_Enabled: 1
  m_EditorHideFlags: 0
  m_Script: {fileID: 11500000, guid: 5621efe50bb724d51915ae54228e12d7, type: 3}
  m_Name: 
  m_EditorClassIdentifier: 
  onToggled:
    m_PersistentCalls:
      m_Calls:
      - m_Target: {fileID: 3345505136149018628}
        m_MethodName: SetActive
        m_Mode: 0
        m_Arguments:
          m_ObjectArgument: {fileID: 0}
          m_ObjectArgumentAssemblyTypeName: UnityEngine.Object, UnityEngine
          m_IntArgument: 0
          m_FloatArgument: 0
          m_StringArgument: 
          m_BoolArgument: 0
        m_CallState: 2
--- !u!114 &2933157377556427203
MonoBehaviour:
  m_ObjectHideFlags: 0
  m_CorrespondingSourceObject: {fileID: 0}
  m_PrefabInstance: {fileID: 0}
  m_PrefabAsset: {fileID: 0}
  m_GameObject: {fileID: 3635814525606444676}
  m_Enabled: 1
  m_EditorHideFlags: 0
  m_Script: {fileID: 11500000, guid: 5621efe50bb724d51915ae54228e12d7, type: 3}
  m_Name: 
  m_EditorClassIdentifier: 
  onToggled:
    m_PersistentCalls:
      m_Calls:
      - m_Target: {fileID: 3635814525606444676}
        m_MethodName: SetActive
        m_Mode: 0
        m_Arguments:
          m_ObjectArgument: {fileID: 0}
          m_ObjectArgumentAssemblyTypeName: UnityEngine.Object, UnityEngine
          m_IntArgument: 0
          m_FloatArgument: 0
          m_StringArgument: 
          m_BoolArgument: 0
        m_CallState: 2
--- !u!1 &5536484670548133788
GameObject:
  m_ObjectHideFlags: 0
  m_CorrespondingSourceObject: {fileID: 0}
  m_PrefabInstance: {fileID: 0}
  m_PrefabAsset: {fileID: 0}
  serializedVersion: 6
  m_Component:
  - component: {fileID: 3713989956452320311}
  - component: {fileID: 8456435993178223787}
  m_Layer: 12
  m_Name: Sound
  m_TagString: Untagged
  m_Icon: {fileID: 0}
  m_NavMeshLayer: 0
  m_StaticEditorFlags: 16
  m_IsActive: 1
--- !u!4 &3713989956452320311
Transform:
  m_ObjectHideFlags: 0
  m_CorrespondingSourceObject: {fileID: 0}
  m_PrefabInstance: {fileID: 0}
  m_PrefabAsset: {fileID: 0}
  m_GameObject: {fileID: 5536484670548133788}
  m_LocalRotation: {x: -0, y: -0, z: -0, w: 1}
  m_LocalPosition: {x: 0, y: 0, z: 0}
  m_LocalScale: {x: 1, y: 1, z: 1}
  m_Children: []
  m_Father: {fileID: 5287978619446725519}
  m_RootOrder: 2
  m_LocalEulerAnglesHint: {x: 0, y: 0, z: 0}
--- !u!82 &8456435993178223787
AudioSource:
  m_ObjectHideFlags: 0
  m_CorrespondingSourceObject: {fileID: 0}
  m_PrefabInstance: {fileID: 0}
  m_PrefabAsset: {fileID: 0}
  m_GameObject: {fileID: 5536484670548133788}
  m_Enabled: 1
  serializedVersion: 4
  OutputAudioMixerGroup: {fileID: 24395902, guid: 66ddb96a199ec462382ef25154f6d50a,
    type: 2}
  m_audioClip: {fileID: 8300000, guid: 0f1276a024636480e8915af18e447d54, type: 3}
  m_PlayOnAwake: 0
  m_Volume: 0.65
  m_Pitch: 1
  Loop: 0
  Mute: 0
  Spatialize: 0
  SpatializePostEffects: 0
  Priority: 128
  DopplerLevel: 0
  MinDistance: 2
  MaxDistance: 11
  Pan2D: 0
  rolloffMode: 1
  BypassEffects: 0
  BypassListenerEffects: 0
  BypassReverbZones: 0
  rolloffCustomCurve:
    serializedVersion: 2
    m_Curve:
    - serializedVersion: 3
      time: 0
      value: 1
      inSlope: 0
      outSlope: 0
      tangentMode: 0
      weightedMode: 0
      inWeight: 0.33333334
      outWeight: 0.33333334
    - serializedVersion: 3
      time: 1
      value: 0
      inSlope: 0
      outSlope: 0
      tangentMode: 0
      weightedMode: 0
      inWeight: 0.33333334
      outWeight: 0.33333334
    m_PreInfinity: 2
    m_PostInfinity: 2
    m_RotationOrder: 4
  panLevelCustomCurve:
    serializedVersion: 2
    m_Curve:
    - serializedVersion: 3
      time: 0
      value: 1
      inSlope: 0
      outSlope: 0
      tangentMode: 0
      weightedMode: 0
      inWeight: 0.33333334
      outWeight: 0.33333334
    m_PreInfinity: 2
    m_PostInfinity: 2
    m_RotationOrder: 4
  spreadCustomCurve:
    serializedVersion: 2
    m_Curve:
    - serializedVersion: 3
      time: 0
      value: 0
      inSlope: 0
      outSlope: 0
      tangentMode: 0
      weightedMode: 0
      inWeight: 0.33333334
      outWeight: 0.33333334
    m_PreInfinity: 2
    m_PostInfinity: 2
    m_RotationOrder: 4
  reverbZoneMixCustomCurve:
    serializedVersion: 2
    m_Curve:
    - serializedVersion: 3
      time: 0
      value: 1
      inSlope: 0
      outSlope: 0
      tangentMode: 0
      weightedMode: 0
      inWeight: 0.33333334
      outWeight: 0.33333334
    m_PreInfinity: 2
    m_PostInfinity: 2
    m_RotationOrder: 4
--- !u!1001 &7206046111796762785
PrefabInstance:
  m_ObjectHideFlags: 0
  serializedVersion: 2
  m_Modification:
    m_TransformParent: {fileID: 5287978619446725519}
    m_Modifications:
    - target: {fileID: 811923360581592565, guid: c10e284f97fe84568a348451c1a363d0,
        type: 3}
      propertyPath: m_LODs.Array.size
      value: 1
      objectReference: {fileID: 0}
    - target: {fileID: 1653948017247470137, guid: c10e284f97fe84568a348451c1a363d0,
        type: 3}
      propertyPath: m_RootOrder
      value: 1
      objectReference: {fileID: 0}
    - target: {fileID: 1653948017247470137, guid: c10e284f97fe84568a348451c1a363d0,
        type: 3}
      propertyPath: m_LocalPosition.x
      value: 0
      objectReference: {fileID: 0}
    - target: {fileID: 1653948017247470137, guid: c10e284f97fe84568a348451c1a363d0,
        type: 3}
      propertyPath: m_LocalPosition.y
      value: 0
      objectReference: {fileID: 0}
    - target: {fileID: 1653948017247470137, guid: c10e284f97fe84568a348451c1a363d0,
        type: 3}
      propertyPath: m_LocalPosition.z
      value: 0
      objectReference: {fileID: 0}
    - target: {fileID: 1653948017247470137, guid: c10e284f97fe84568a348451c1a363d0,
        type: 3}
      propertyPath: m_LocalRotation.w
      value: 1
      objectReference: {fileID: 0}
    - target: {fileID: 1653948017247470137, guid: c10e284f97fe84568a348451c1a363d0,
        type: 3}
      propertyPath: m_LocalRotation.x
      value: 0
      objectReference: {fileID: 0}
    - target: {fileID: 1653948017247470137, guid: c10e284f97fe84568a348451c1a363d0,
        type: 3}
      propertyPath: m_LocalRotation.y
      value: 0
      objectReference: {fileID: 0}
    - target: {fileID: 1653948017247470137, guid: c10e284f97fe84568a348451c1a363d0,
        type: 3}
      propertyPath: m_LocalRotation.z
      value: 0
      objectReference: {fileID: 0}
    - target: {fileID: 1653948017247470137, guid: c10e284f97fe84568a348451c1a363d0,
        type: 3}
      propertyPath: m_LocalEulerAnglesHint.x
      value: 0
      objectReference: {fileID: 0}
    - target: {fileID: 1653948017247470137, guid: c10e284f97fe84568a348451c1a363d0,
        type: 3}
      propertyPath: m_LocalEulerAnglesHint.y
      value: 0
      objectReference: {fileID: 0}
    - target: {fileID: 1653948017247470137, guid: c10e284f97fe84568a348451c1a363d0,
        type: 3}
      propertyPath: m_LocalEulerAnglesHint.z
      value: 0
      objectReference: {fileID: 0}
    - target: {fileID: 2146530444009029168, guid: c10e284f97fe84568a348451c1a363d0,
        type: 3}
      propertyPath: m_Enabled
      value: 0
      objectReference: {fileID: 0}
    - target: {fileID: 2259338818052131602, guid: c10e284f97fe84568a348451c1a363d0,
        type: 3}
      propertyPath: m_Layer
      value: 0
      objectReference: {fileID: 0}
    - target: {fileID: 2259338818052131602, guid: c10e284f97fe84568a348451c1a363d0,
        type: 3}
      propertyPath: m_StaticEditorFlags
      value: 16
      objectReference: {fileID: 0}
    - target: {fileID: 2676284709248723615, guid: c10e284f97fe84568a348451c1a363d0,
        type: 3}
      propertyPath: m_IsActive
      value: 0
      objectReference: {fileID: 0}
    - target: {fileID: 2676284709248723615, guid: c10e284f97fe84568a348451c1a363d0,
        type: 3}
      propertyPath: m_StaticEditorFlags
      value: 16
      objectReference: {fileID: 0}
    - target: {fileID: 2905521579652812548, guid: c10e284f97fe84568a348451c1a363d0,
        type: 3}
      propertyPath: m_insertIndex
      value: 0
      objectReference: {fileID: 0}
    - target: {fileID: 3977376521823852682, guid: c10e284f97fe84568a348451c1a363d0,
        type: 3}
      propertyPath: m_Materials.Array.data[0]
      value: 
      objectReference: {fileID: 2100000, guid: f5c43645b51524106b437c1858de1610, type: 2}
    - target: {fileID: 5362832712909660325, guid: c10e284f97fe84568a348451c1a363d0,
        type: 3}
      propertyPath: m_Name
      value: 'Buoyant Platform: OFF'
      objectReference: {fileID: 0}
    - target: {fileID: 5362832712909660325, guid: c10e284f97fe84568a348451c1a363d0,
        type: 3}
      propertyPath: m_Layer
      value: 0
      objectReference: {fileID: 0}
    - target: {fileID: 5362832712909660325, guid: c10e284f97fe84568a348451c1a363d0,
        type: 3}
      propertyPath: m_IsActive
      value: 1
      objectReference: {fileID: 0}
    - target: {fileID: 5362832712909660325, guid: c10e284f97fe84568a348451c1a363d0,
        type: 3}
      propertyPath: m_StaticEditorFlags
      value: 16
      objectReference: {fileID: 0}
    - target: {fileID: 5467965703480771979, guid: c10e284f97fe84568a348451c1a363d0,
        type: 3}
      propertyPath: m_Layer
      value: 0
      objectReference: {fileID: 0}
    - target: {fileID: 5467965703480771979, guid: c10e284f97fe84568a348451c1a363d0,
        type: 3}
      propertyPath: m_StaticEditorFlags
      value: 16
      objectReference: {fileID: 0}
    m_RemovedComponents: []
  m_SourcePrefab: {fileID: 100100000, guid: c10e284f97fe84568a348451c1a363d0, type: 3}
--- !u!1 &3345505136149018628 stripped
GameObject:
  m_CorrespondingSourceObject: {fileID: 5362832712909660325, guid: c10e284f97fe84568a348451c1a363d0,
    type: 3}
  m_PrefabInstance: {fileID: 7206046111796762785}
  m_PrefabAsset: {fileID: 0}
--- !u!4 &8283531723959196312 stripped
Transform:
  m_CorrespondingSourceObject: {fileID: 1653948017247470137, guid: c10e284f97fe84568a348451c1a363d0,
    type: 3}
  m_PrefabInstance: {fileID: 7206046111796762785}
  m_PrefabAsset: {fileID: 0}
--- !u!1001 &8654117468344229409
PrefabInstance:
  m_ObjectHideFlags: 0
  serializedVersion: 2
  m_Modification:
    m_TransformParent: {fileID: 5287978619446725519}
    m_Modifications:
    - target: {fileID: 811923360581592565, guid: c10e284f97fe84568a348451c1a363d0,
        type: 3}
      propertyPath: m_LODs.Array.size
      value: 1
      objectReference: {fileID: 0}
    - target: {fileID: 1653948017247470137, guid: c10e284f97fe84568a348451c1a363d0,
        type: 3}
      propertyPath: m_RootOrder
      value: 0
      objectReference: {fileID: 0}
    - target: {fileID: 1653948017247470137, guid: c10e284f97fe84568a348451c1a363d0,
        type: 3}
      propertyPath: m_LocalPosition.x
      value: 0
      objectReference: {fileID: 0}
    - target: {fileID: 1653948017247470137, guid: c10e284f97fe84568a348451c1a363d0,
        type: 3}
      propertyPath: m_LocalPosition.y
      value: 0
      objectReference: {fileID: 0}
    - target: {fileID: 1653948017247470137, guid: c10e284f97fe84568a348451c1a363d0,
        type: 3}
      propertyPath: m_LocalPosition.z
      value: 0
      objectReference: {fileID: 0}
    - target: {fileID: 1653948017247470137, guid: c10e284f97fe84568a348451c1a363d0,
        type: 3}
      propertyPath: m_LocalRotation.w
      value: 1
      objectReference: {fileID: 0}
    - target: {fileID: 1653948017247470137, guid: c10e284f97fe84568a348451c1a363d0,
        type: 3}
      propertyPath: m_LocalRotation.x
      value: 0
      objectReference: {fileID: 0}
    - target: {fileID: 1653948017247470137, guid: c10e284f97fe84568a348451c1a363d0,
        type: 3}
      propertyPath: m_LocalRotation.y
      value: 0
      objectReference: {fileID: 0}
    - target: {fileID: 1653948017247470137, guid: c10e284f97fe84568a348451c1a363d0,
        type: 3}
      propertyPath: m_LocalRotation.z
      value: 0
      objectReference: {fileID: 0}
    - target: {fileID: 1653948017247470137, guid: c10e284f97fe84568a348451c1a363d0,
        type: 3}
      propertyPath: m_LocalEulerAnglesHint.x
      value: 0
      objectReference: {fileID: 0}
    - target: {fileID: 1653948017247470137, guid: c10e284f97fe84568a348451c1a363d0,
        type: 3}
      propertyPath: m_LocalEulerAnglesHint.y
      value: 0
      objectReference: {fileID: 0}
    - target: {fileID: 1653948017247470137, guid: c10e284f97fe84568a348451c1a363d0,
        type: 3}
      propertyPath: m_LocalEulerAnglesHint.z
      value: 0
      objectReference: {fileID: 0}
    - target: {fileID: 2259338818052131602, guid: c10e284f97fe84568a348451c1a363d0,
        type: 3}
      propertyPath: m_StaticEditorFlags
      value: 16
      objectReference: {fileID: 0}
    - target: {fileID: 2676284709248723615, guid: c10e284f97fe84568a348451c1a363d0,
        type: 3}
      propertyPath: m_IsActive
      value: 0
      objectReference: {fileID: 0}
    - target: {fileID: 2676284709248723615, guid: c10e284f97fe84568a348451c1a363d0,
        type: 3}
      propertyPath: m_StaticEditorFlags
      value: 16
      objectReference: {fileID: 0}
    - target: {fileID: 2905521579652812548, guid: c10e284f97fe84568a348451c1a363d0,
        type: 3}
      propertyPath: m_insertIndex
      value: 0
      objectReference: {fileID: 0}
    - target: {fileID: 3977376521823852682, guid: c10e284f97fe84568a348451c1a363d0,
        type: 3}
      propertyPath: m_Materials.Array.data[0]
      value: 
      objectReference: {fileID: 2100000, guid: 7adf24c62aeeb4695aa347733d0ccaa1, type: 2}
    - target: {fileID: 5362832712909660325, guid: c10e284f97fe84568a348451c1a363d0,
        type: 3}
      propertyPath: m_Name
      value: 'Buoyant Platform: ON'
      objectReference: {fileID: 0}
    - target: {fileID: 5362832712909660325, guid: c10e284f97fe84568a348451c1a363d0,
        type: 3}
      propertyPath: m_IsActive
      value: 0
      objectReference: {fileID: 0}
    - target: {fileID: 5362832712909660325, guid: c10e284f97fe84568a348451c1a363d0,
        type: 3}
      propertyPath: m_StaticEditorFlags
      value: 16
      objectReference: {fileID: 0}
    - target: {fileID: 5467965703480771979, guid: c10e284f97fe84568a348451c1a363d0,
        type: 3}
      propertyPath: m_StaticEditorFlags
      value: 16
      objectReference: {fileID: 0}
    m_RemovedComponents:
    - {fileID: 2905521579652812548, guid: c10e284f97fe84568a348451c1a363d0, type: 3}
  m_SourcePrefab: {fileID: 100100000, guid: c10e284f97fe84568a348451c1a363d0, type: 3}
--- !u!1 &3635814525606444676 stripped
GameObject:
  m_CorrespondingSourceObject: {fileID: 5362832712909660325, guid: c10e284f97fe84568a348451c1a363d0,
    type: 3}
  m_PrefabInstance: {fileID: 8654117468344229409}
  m_PrefabAsset: {fileID: 0}
--- !u!4 &7993213177684188184 stripped
Transform:
  m_CorrespondingSourceObject: {fileID: 1653948017247470137, guid: c10e284f97fe84568a348451c1a363d0,
    type: 3}
  m_PrefabInstance: {fileID: 8654117468344229409}
  m_PrefabAsset: {fileID: 0}
