%YAML 1.1
%TAG !u! tag:unity3d.com,2011:
--- !u!1 &2335093695411002865
GameObject:
  m_ObjectHideFlags: 0
  m_CorrespondingSourceObject: {fileID: 0}
  m_PrefabInstance: {fileID: 0}
  m_PrefabAsset: {fileID: 0}
  serializedVersion: 6
  m_Component:
  - component: {fileID: 2244132597589775158}
  - component: {fileID: 4257170226368071365}
  - component: {fileID: 5332687999601612334}
  m_Layer: 0
  m_Name: Impostor
  m_TagString: Untagged
  m_Icon: {fileID: 0}
  m_NavMeshLayer: 0
  m_StaticEditorFlags: 0
  m_IsActive: 0
--- !u!4 &2244132597589775158
Transform:
  m_ObjectHideFlags: 0
  m_CorrespondingSourceObject: {fileID: 0}
  m_PrefabInstance: {fileID: 0}
  m_PrefabAsset: {fileID: 0}
  m_GameObject: {fileID: 2335093695411002865}
  m_LocalRotation: {x: -0.7071068, y: -0, z: -0, w: 0.7071068}
  m_LocalPosition: {x: -6.4502344, y: 2.0453253, z: 1.2217779}
  m_LocalScale: {x: 1.0000007, y: 1.000001, z: 1.0000007}
  m_Children: []
  m_Father: {fileID: 5319518047560496432}
  m_RootOrder: 1
  m_LocalEulerAnglesHint: {x: 0, y: 0, z: 0}
--- !u!33 &4257170226368071365
MeshFilter:
  m_ObjectHideFlags: 0
  m_CorrespondingSourceObject: {fileID: 0}
  m_PrefabInstance: {fileID: 0}
  m_PrefabAsset: {fileID: 0}
  m_GameObject: {fileID: 2335093695411002865}
  m_Mesh: {fileID: 0}
--- !u!23 &5332687999601612334
MeshRenderer:
  m_ObjectHideFlags: 0
  m_CorrespondingSourceObject: {fileID: 0}
  m_PrefabInstance: {fileID: 0}
  m_PrefabAsset: {fileID: 0}
  m_GameObject: {fileID: 2335093695411002865}
  m_Enabled: 1
  m_CastShadows: 1
  m_ReceiveShadows: 1
  m_DynamicOccludee: 1
  m_MotionVectors: 1
  m_LightProbeUsage: 1
  m_ReflectionProbeUsage: 1
  m_RayTracingMode: 2
  m_RenderingLayerMask: 1
  m_RendererPriority: 0
  m_Materials:
  - {fileID: 0}
  m_StaticBatchInfo:
    firstSubMesh: 0
    subMeshCount: 0
  m_StaticBatchRoot: {fileID: 0}
  m_ProbeAnchor: {fileID: 0}
  m_LightProbeVolumeOverride: {fileID: 0}
  m_ScaleInLightmap: 1
  m_ReceiveGI: 1
  m_PreserveUVs: 0
  m_IgnoreNormalsForChartDetection: 0
  m_ImportantGI: 0
  m_StitchLightmapSeams: 0
  m_SelectedEditorRenderState: 3
  m_MinimumChartSize: 4
  m_AutoUVMaxDistance: 0.5
  m_AutoUVMaxAngle: 89
  m_LightmapParameters: {fileID: 0}
  m_SortingLayerID: 0
  m_SortingLayer: 0
  m_SortingOrder: 0
--- !u!1001 &5340046626660624379
PrefabInstance:
  m_ObjectHideFlags: 0
  serializedVersion: 2
  m_Modification:
    m_TransformParent: {fileID: 0}
    m_Modifications:
    - target: {fileID: 272768388675920008, guid: 0cb20697368e64042929f51d0f8d1d50,
        type: 3}
      propertyPath: m_Mesh
      value: 
      objectReference: {fileID: 0}
    - target: {fileID: 272768388675920015, guid: 0cb20697368e64042929f51d0f8d1d50,
        type: 3}
      propertyPath: m_Mesh
      value: 
      objectReference: {fileID: 0}
    - target: {fileID: 272768388701059313, guid: 0cb20697368e64042929f51d0f8d1d50,
        type: 3}
      propertyPath: m_Materials.Array.data[1]
      value: 
      objectReference: {fileID: 2100000, guid: 5f1c5e45714854b28be28bec1d279079, type: 2}
    - target: {fileID: 272768388701059314, guid: 0cb20697368e64042929f51d0f8d1d50,
        type: 3}
      propertyPath: m_LocalPosition.x
      value: 0.86
      objectReference: {fileID: 0}
    - target: {fileID: 272768388701059314, guid: 0cb20697368e64042929f51d0f8d1d50,
        type: 3}
      propertyPath: m_LocalPosition.y
      value: 27.75
      objectReference: {fileID: 0}
    - target: {fileID: 272768388701059314, guid: 0cb20697368e64042929f51d0f8d1d50,
        type: 3}
      propertyPath: m_LocalPosition.z
      value: 0.87
      objectReference: {fileID: 0}
    - target: {fileID: 272768388701059314, guid: 0cb20697368e64042929f51d0f8d1d50,
        type: 3}
      propertyPath: m_LocalRotation.w
      value: 0.9820789
      objectReference: {fileID: 0}
    - target: {fileID: 272768388701059314, guid: 0cb20697368e64042929f51d0f8d1d50,
        type: 3}
      propertyPath: m_LocalRotation.x
      value: 0.10363697
      objectReference: {fileID: 0}
    - target: {fileID: 272768388701059314, guid: 0cb20697368e64042929f51d0f8d1d50,
        type: 3}
      propertyPath: m_LocalRotation.y
      value: 0.13421233
      objectReference: {fileID: 0}
    - target: {fileID: 272768388701059314, guid: 0cb20697368e64042929f51d0f8d1d50,
        type: 3}
      propertyPath: m_LocalRotation.z
      value: -0.08226441
      objectReference: {fileID: 0}
    - target: {fileID: 272768388701059314, guid: 0cb20697368e64042929f51d0f8d1d50,
        type: 3}
      propertyPath: m_LocalEulerAnglesHint.x
      value: 13.041
      objectReference: {fileID: 0}
    - target: {fileID: 272768388701059314, guid: 0cb20697368e64042929f51d0f8d1d50,
        type: 3}
      propertyPath: m_LocalEulerAnglesHint.y
      value: 14.660001
      objectReference: {fileID: 0}
    - target: {fileID: 272768388701059314, guid: 0cb20697368e64042929f51d0f8d1d50,
        type: 3}
      propertyPath: m_LocalEulerAnglesHint.z
      value: -7.892
      objectReference: {fileID: 0}
    - target: {fileID: 272768388718786795, guid: 0cb20697368e64042929f51d0f8d1d50,
        type: 3}
      propertyPath: m_IsActive
      value: 0
      objectReference: {fileID: 0}
    - target: {fileID: 272768388735274136, guid: 0cb20697368e64042929f51d0f8d1d50,
        type: 3}
      propertyPath: m_LocalPosition.x
      value: -10.681705
      objectReference: {fileID: 0}
    - target: {fileID: 272768388735274136, guid: 0cb20697368e64042929f51d0f8d1d50,
        type: 3}
      propertyPath: m_LocalPosition.y
      value: 11.718473
      objectReference: {fileID: 0}
    - target: {fileID: 272768388735274136, guid: 0cb20697368e64042929f51d0f8d1d50,
        type: 3}
      propertyPath: m_LocalPosition.z
      value: 0.8946266
      objectReference: {fileID: 0}
    - target: {fileID: 272768388735274136, guid: 0cb20697368e64042929f51d0f8d1d50,
        type: 3}
      propertyPath: m_LocalRotation.w
      value: 0.77197963
      objectReference: {fileID: 0}
    - target: {fileID: 272768388735274136, guid: 0cb20697368e64042929f51d0f8d1d50,
        type: 3}
      propertyPath: m_LocalRotation.x
      value: 0.63564736
      objectReference: {fileID: 0}
    - target: {fileID: 272768388735274136, guid: 0cb20697368e64042929f51d0f8d1d50,
        type: 3}
      propertyPath: m_LocalRotation.y
      value: -0.00000002107342
      objectReference: {fileID: 0}
    - target: {fileID: 272768388735274136, guid: 0cb20697368e64042929f51d0f8d1d50,
        type: 3}
      propertyPath: m_LocalRotation.z
      value: 0.00000002107342
      objectReference: {fileID: 0}
    - target: {fileID: 272768388735274136, guid: 0cb20697368e64042929f51d0f8d1d50,
        type: 3}
      propertyPath: m_LocalEulerAnglesHint.x
      value: 78.936005
      objectReference: {fileID: 0}
    - target: {fileID: 272768388735969675, guid: 0cb20697368e64042929f51d0f8d1d50,
        type: 3}
      propertyPath: m_IsActive
      value: 0
      objectReference: {fileID: 0}
    - target: {fileID: 272768388759889291, guid: 0cb20697368e64042929f51d0f8d1d50,
        type: 3}
      propertyPath: m_LocalPosition.x
      value: -11.4683075
      objectReference: {fileID: 0}
    - target: {fileID: 272768388759889291, guid: 0cb20697368e64042929f51d0f8d1d50,
        type: 3}
      propertyPath: m_LocalPosition.y
      value: -19.105696
      objectReference: {fileID: 0}
    - target: {fileID: 272768388759889291, guid: 0cb20697368e64042929f51d0f8d1d50,
        type: 3}
      propertyPath: m_LocalPosition.z
      value: -1.4090004
      objectReference: {fileID: 0}
    - target: {fileID: 272768388759889291, guid: 0cb20697368e64042929f51d0f8d1d50,
        type: 3}
      propertyPath: m_LocalRotation.w
      value: 0.77043575
      objectReference: {fileID: 0}
    - target: {fileID: 272768388759889291, guid: 0cb20697368e64042929f51d0f8d1d50,
        type: 3}
      propertyPath: m_LocalRotation.x
      value: 0.6375177
      objectReference: {fileID: 0}
    - target: {fileID: 272768388759889291, guid: 0cb20697368e64042929f51d0f8d1d50,
        type: 3}
      propertyPath: m_LocalRotation.y
      value: -0.000000023707594
      objectReference: {fileID: 0}
    - target: {fileID: 272768388759889291, guid: 0cb20697368e64042929f51d0f8d1d50,
        type: 3}
      propertyPath: m_LocalRotation.z
      value: 0.000000023707594
      objectReference: {fileID: 0}
    - target: {fileID: 272768388759889291, guid: 0cb20697368e64042929f51d0f8d1d50,
        type: 3}
      propertyPath: m_LocalEulerAnglesHint.x
      value: 79.214005
      objectReference: {fileID: 0}
    - target: {fileID: 272768388792095709, guid: 0cb20697368e64042929f51d0f8d1d50,
        type: 3}
      propertyPath: m_IsActive
      value: 0
      objectReference: {fileID: 0}
    - target: {fileID: 272768388796598353, guid: 0cb20697368e64042929f51d0f8d1d50,
        type: 3}
      propertyPath: m_IsActive
      value: 0
      objectReference: {fileID: 0}
    - target: {fileID: 272768388812829631, guid: 0cb20697368e64042929f51d0f8d1d50,
        type: 3}
      propertyPath: m_LocalPosition.x
      value: 10.691759
      objectReference: {fileID: 0}
    - target: {fileID: 272768388812829631, guid: 0cb20697368e64042929f51d0f8d1d50,
        type: 3}
      propertyPath: m_LocalPosition.y
      value: 12.4813
      objectReference: {fileID: 0}
    - target: {fileID: 272768388812829631, guid: 0cb20697368e64042929f51d0f8d1d50,
        type: 3}
      propertyPath: m_LocalPosition.z
      value: 1.0734091
      objectReference: {fileID: 0}
    - target: {fileID: 272768388812829631, guid: 0cb20697368e64042929f51d0f8d1d50,
        type: 3}
      propertyPath: m_LocalRotation.w
      value: 0.61143124
      objectReference: {fileID: 0}
    - target: {fileID: 272768388812829631, guid: 0cb20697368e64042929f51d0f8d1d50,
        type: 3}
      propertyPath: m_LocalRotation.x
      value: 0.7912975
      objectReference: {fileID: 0}
    - target: {fileID: 272768388812829631, guid: 0cb20697368e64042929f51d0f8d1d50,
        type: 3}
      propertyPath: m_LocalRotation.y
      value: 0.000000036878482
      objectReference: {fileID: 0}
    - target: {fileID: 272768388812829631, guid: 0cb20697368e64042929f51d0f8d1d50,
        type: 3}
      propertyPath: m_LocalRotation.z
      value: -0.000000036878482
      objectReference: {fileID: 0}
    - target: {fileID: 272768388812829631, guid: 0cb20697368e64042929f51d0f8d1d50,
        type: 3}
      propertyPath: m_LocalEulerAnglesHint.x
      value: 104.614
      objectReference: {fileID: 0}
    - target: {fileID: 272768388812829631, guid: 0cb20697368e64042929f51d0f8d1d50,
        type: 3}
      propertyPath: m_LocalEulerAnglesHint.y
      value: -0.000015258789
      objectReference: {fileID: 0}
    - target: {fileID: 272768388832219667, guid: 0cb20697368e64042929f51d0f8d1d50,
        type: 3}
      propertyPath: m_LocalPosition.x
      value: 8.92
      objectReference: {fileID: 0}
    - target: {fileID: 272768388832219667, guid: 0cb20697368e64042929f51d0f8d1d50,
        type: 3}
      propertyPath: m_LocalPosition.y
      value: 0.06
      objectReference: {fileID: 0}
    - target: {fileID: 272768388832219667, guid: 0cb20697368e64042929f51d0f8d1d50,
        type: 3}
      propertyPath: m_LocalPosition.z
      value: 0.66
      objectReference: {fileID: 0}
    - target: {fileID: 272768388832219667, guid: 0cb20697368e64042929f51d0f8d1d50,
        type: 3}
      propertyPath: m_LocalRotation.w
      value: 0.9376364
      objectReference: {fileID: 0}
    - target: {fileID: 272768388832219667, guid: 0cb20697368e64042929f51d0f8d1d50,
        type: 3}
      propertyPath: m_LocalRotation.x
      value: -0.00000014901156
      objectReference: {fileID: 0}
    - target: {fileID: 272768388832219667, guid: 0cb20697368e64042929f51d0f8d1d50,
        type: 3}
      propertyPath: m_LocalRotation.y
      value: -0
      objectReference: {fileID: 0}
    - target: {fileID: 272768388832219667, guid: 0cb20697368e64042929f51d0f8d1d50,
        type: 3}
      propertyPath: m_LocalRotation.z
      value: -0.3476175
      objectReference: {fileID: 0}
    - target: {fileID: 272768388832219667, guid: 0cb20697368e64042929f51d0f8d1d50,
        type: 3}
      propertyPath: m_LocalEulerAnglesHint.z
      value: -40.683002
      objectReference: {fileID: 0}
    - target: {fileID: 272768388832219670, guid: 0cb20697368e64042929f51d0f8d1d50,
        type: 3}
      propertyPath: m_Materials.Array.data[0]
      value: 
      objectReference: {fileID: 2100000, guid: 0e1effab370ad4d6984a2040da3d7231, type: 2}
    - target: {fileID: 272768388847500367, guid: 0cb20697368e64042929f51d0f8d1d50,
        type: 3}
      propertyPath: m_LocalPosition.x
      value: -9.54
      objectReference: {fileID: 0}
    - target: {fileID: 272768388847500367, guid: 0cb20697368e64042929f51d0f8d1d50,
        type: 3}
      propertyPath: m_LocalPosition.y
      value: -27.09
      objectReference: {fileID: 0}
    - target: {fileID: 272768388847500367, guid: 0cb20697368e64042929f51d0f8d1d50,
        type: 3}
      propertyPath: m_LocalPosition.z
      value: 8.14
      objectReference: {fileID: 0}
    - target: {fileID: 272768388847500367, guid: 0cb20697368e64042929f51d0f8d1d50,
        type: 3}
      propertyPath: m_LocalRotation.w
      value: 0.49576765
      objectReference: {fileID: 0}
    - target: {fileID: 272768388847500367, guid: 0cb20697368e64042929f51d0f8d1d50,
        type: 3}
      propertyPath: m_LocalRotation.x
      value: 0.4957673
      objectReference: {fileID: 0}
    - target: {fileID: 272768388847500367, guid: 0cb20697368e64042929f51d0f8d1d50,
        type: 3}
      propertyPath: m_LocalRotation.y
      value: 0.504197
      objectReference: {fileID: 0}
    - target: {fileID: 272768388847500367, guid: 0cb20697368e64042929f51d0f8d1d50,
        type: 3}
      propertyPath: m_LocalRotation.z
      value: -0.504197
      objectReference: {fileID: 0}
    - target: {fileID: 272768388847500367, guid: 0cb20697368e64042929f51d0f8d1d50,
        type: 3}
      propertyPath: m_LocalEulerAnglesHint.x
      value: 90.00001
      objectReference: {fileID: 0}
    - target: {fileID: 272768388847500367, guid: 0cb20697368e64042929f51d0f8d1d50,
        type: 3}
      propertyPath: m_LocalEulerAnglesHint.z
      value: -90.966
      objectReference: {fileID: 0}
    - target: {fileID: 272768388940399225, guid: 0cb20697368e64042929f51d0f8d1d50,
        type: 3}
      propertyPath: m_Mesh
      value: 
      objectReference: {fileID: 0}
    - target: {fileID: 272768388940399228, guid: 0cb20697368e64042929f51d0f8d1d50,
        type: 3}
      propertyPath: m_Mesh
      value: 
      objectReference: {fileID: 0}
    - target: {fileID: 272768388946601768, guid: 0cb20697368e64042929f51d0f8d1d50,
        type: 3}
      propertyPath: m_Mesh
      value: 
      objectReference: {fileID: 0}
    - target: {fileID: 272768388946601775, guid: 0cb20697368e64042929f51d0f8d1d50,
        type: 3}
      propertyPath: m_Mesh
      value: 
      objectReference: {fileID: 0}
    - target: {fileID: 272768388968738795, guid: 0cb20697368e64042929f51d0f8d1d50,
        type: 3}
      propertyPath: m_Mesh
      value: 
      objectReference: {fileID: 0}
    - target: {fileID: 272768388968738804, guid: 0cb20697368e64042929f51d0f8d1d50,
        type: 3}
      propertyPath: m_Mesh
      value: 
      objectReference: {fileID: 0}
    - target: {fileID: 272768388968738806, guid: 0cb20697368e64042929f51d0f8d1d50,
        type: 3}
      propertyPath: m_IsActive
      value: 0
      objectReference: {fileID: 0}
    - target: {fileID: 272768389110770500, guid: 0cb20697368e64042929f51d0f8d1d50,
        type: 3}
      propertyPath: m_LocalPosition.x
      value: 0.5043933
      objectReference: {fileID: 0}
    - target: {fileID: 272768389110770500, guid: 0cb20697368e64042929f51d0f8d1d50,
        type: 3}
      propertyPath: m_LocalPosition.y
      value: 2.4108934
      objectReference: {fileID: 0}
    - target: {fileID: 272768389110770500, guid: 0cb20697368e64042929f51d0f8d1d50,
        type: 3}
      propertyPath: m_LocalPosition.z
      value: -0.61630267
      objectReference: {fileID: 0}
    - target: {fileID: 272768389110770500, guid: 0cb20697368e64042929f51d0f8d1d50,
        type: 3}
      propertyPath: m_LocalRotation.w
      value: 0.8329871
      objectReference: {fileID: 0}
    - target: {fileID: 272768389110770500, guid: 0cb20697368e64042929f51d0f8d1d50,
        type: 3}
      propertyPath: m_LocalRotation.x
      value: 0.5299838
      objectReference: {fileID: 0}
    - target: {fileID: 272768389110770500, guid: 0cb20697368e64042929f51d0f8d1d50,
        type: 3}
      propertyPath: m_LocalRotation.y
      value: 0.1011997
      objectReference: {fileID: 0}
    - target: {fileID: 272768389110770500, guid: 0cb20697368e64042929f51d0f8d1d50,
        type: 3}
      propertyPath: m_LocalRotation.z
      value: -0.12250867
      objectReference: {fileID: 0}
    - target: {fileID: 272768389110770500, guid: 0cb20697368e64042929f51d0f8d1d50,
        type: 3}
      propertyPath: m_LocalEulerAnglesHint.x
      value: 65.194
      objectReference: {fileID: 0}
    - target: {fileID: 272768389110770500, guid: 0cb20697368e64042929f51d0f8d1d50,
        type: 3}
      propertyPath: m_LocalEulerAnglesHint.y
      value: 5.2980003
      objectReference: {fileID: 0}
    - target: {fileID: 272768389110770500, guid: 0cb20697368e64042929f51d0f8d1d50,
        type: 3}
      propertyPath: m_LocalEulerAnglesHint.z
      value: -13.344001
      objectReference: {fileID: 0}
    - target: {fileID: 272768389311984131, guid: 0cb20697368e64042929f51d0f8d1d50,
        type: 3}
      propertyPath: m_LocalPosition.x
      value: 9.937119
      objectReference: {fileID: 0}
    - target: {fileID: 272768389311984131, guid: 0cb20697368e64042929f51d0f8d1d50,
        type: 3}
      propertyPath: m_LocalPosition.y
      value: -9.501542
      objectReference: {fileID: 0}
    - target: {fileID: 272768389311984131, guid: 0cb20697368e64042929f51d0f8d1d50,
        type: 3}
      propertyPath: m_LocalPosition.z
      value: 3.17557
      objectReference: {fileID: 0}
    - target: {fileID: 272768389311984131, guid: 0cb20697368e64042929f51d0f8d1d50,
        type: 3}
      propertyPath: m_LocalRotation.w
      value: 0.70233923
      objectReference: {fileID: 0}
    - target: {fileID: 272768389311984131, guid: 0cb20697368e64042929f51d0f8d1d50,
        type: 3}
      propertyPath: m_LocalRotation.x
      value: 0.70233923
      objectReference: {fileID: 0}
    - target: {fileID: 272768389311984131, guid: 0cb20697368e64042929f51d0f8d1d50,
        type: 3}
      propertyPath: m_LocalRotation.y
      value: -0.08197331
      objectReference: {fileID: 0}
    - target: {fileID: 272768389311984131, guid: 0cb20697368e64042929f51d0f8d1d50,
        type: 3}
      propertyPath: m_LocalRotation.z
      value: -0.08197331
      objectReference: {fileID: 0}
    - target: {fileID: 272768389311984131, guid: 0cb20697368e64042929f51d0f8d1d50,
        type: 3}
      propertyPath: m_LocalEulerAnglesHint.x
      value: 76.686005
      objectReference: {fileID: 0}
    - target: {fileID: 272768389311984131, guid: 0cb20697368e64042929f51d0f8d1d50,
        type: 3}
      propertyPath: m_LocalEulerAnglesHint.y
      value: -90.00001
      objectReference: {fileID: 0}
    - target: {fileID: 272768389311984131, guid: 0cb20697368e64042929f51d0f8d1d50,
        type: 3}
      propertyPath: m_LocalEulerAnglesHint.z
      value: -90.00001
      objectReference: {fileID: 0}
    - target: {fileID: 272768389331012729, guid: 0cb20697368e64042929f51d0f8d1d50,
        type: 3}
      propertyPath: m_Mesh
      value: 
      objectReference: {fileID: 0}
    - target: {fileID: 272768389331012730, guid: 0cb20697368e64042929f51d0f8d1d50,
        type: 3}
      propertyPath: m_Mesh
      value: 
      objectReference: {fileID: 0}
    - target: {fileID: 272768389358321928, guid: 0cb20697368e64042929f51d0f8d1d50,
        type: 3}
      propertyPath: m_Mesh
      value: 
      objectReference: {fileID: 0}
    - target: {fileID: 272768389358321935, guid: 0cb20697368e64042929f51d0f8d1d50,
        type: 3}
      propertyPath: m_Mesh
      value: 
      objectReference: {fileID: 0}
    - target: {fileID: 272768389402333120, guid: 0cb20697368e64042929f51d0f8d1d50,
        type: 3}
      propertyPath: m_IsActive
      value: 0
      objectReference: {fileID: 0}
    - target: {fileID: 272768389423517984, guid: 0cb20697368e64042929f51d0f8d1d50,
        type: 3}
      propertyPath: m_Mesh
      value: 
      objectReference: {fileID: 0}
    - target: {fileID: 272768389423517997, guid: 0cb20697368e64042929f51d0f8d1d50,
        type: 3}
      propertyPath: m_Mesh
      value: 
      objectReference: {fileID: 0}
    - target: {fileID: 272768389425997753, guid: 0cb20697368e64042929f51d0f8d1d50,
        type: 3}
      propertyPath: m_Mesh
      value: 
      objectReference: {fileID: 0}
    - target: {fileID: 272768389425997756, guid: 0cb20697368e64042929f51d0f8d1d50,
        type: 3}
      propertyPath: m_Mesh
      value: 
      objectReference: {fileID: 0}
    - target: {fileID: 272768389453692407, guid: 0cb20697368e64042929f51d0f8d1d50,
        type: 3}
      propertyPath: m_Materials.Array.data[0]
      value: 
      objectReference: {fileID: 2100000, guid: 24ba6fd8e63d3405387bd67d7d9be864, type: 2}
    - target: {fileID: 272768389461557933, guid: 0cb20697368e64042929f51d0f8d1d50,
        type: 3}
      propertyPath: m_LocalPosition.x
      value: 8.80448
      objectReference: {fileID: 0}
    - target: {fileID: 272768389461557933, guid: 0cb20697368e64042929f51d0f8d1d50,
        type: 3}
      propertyPath: m_LocalPosition.y
      value: -26.779793
      objectReference: {fileID: 0}
    - target: {fileID: 272768389461557933, guid: 0cb20697368e64042929f51d0f8d1d50,
        type: 3}
      propertyPath: m_LocalPosition.z
      value: 9.202566
      objectReference: {fileID: 0}
    - target: {fileID: 272768389461557933, guid: 0cb20697368e64042929f51d0f8d1d50,
        type: 3}
      propertyPath: m_LocalRotation.w
      value: 0.6865466
      objectReference: {fileID: 0}
    - target: {fileID: 272768389461557933, guid: 0cb20697368e64042929f51d0f8d1d50,
        type: 3}
      propertyPath: m_LocalRotation.x
      value: 0.7006485
      objectReference: {fileID: 0}
    - target: {fileID: 272768389461557933, guid: 0cb20697368e64042929f51d0f8d1d50,
        type: 3}
      propertyPath: m_LocalRotation.y
      value: -0.095350504
      objectReference: {fileID: 0}
    - target: {fileID: 272768389461557933, guid: 0cb20697368e64042929f51d0f8d1d50,
        type: 3}
      propertyPath: m_LocalRotation.z
      value: -0.16927437
      objectReference: {fileID: 0}
    - target: {fileID: 272768389461557933, guid: 0cb20697368e64042929f51d0f8d1d50,
        type: 3}
      propertyPath: m_LocalEulerAnglesHint.x
      value: 68.4
      objectReference: {fileID: 0}
    - target: {fileID: 272768389461557933, guid: 0cb20697368e64042929f51d0f8d1d50,
        type: 3}
      propertyPath: m_LocalEulerAnglesHint.y
      value: -90.00001
      objectReference: {fileID: 0}
    - target: {fileID: 272768389461557933, guid: 0cb20697368e64042929f51d0f8d1d50,
        type: 3}
      propertyPath: m_LocalEulerAnglesHint.z
      value: -96.101006
      objectReference: {fileID: 0}
    - target: {fileID: 272768389499977798, guid: 0cb20697368e64042929f51d0f8d1d50,
        type: 3}
      propertyPath: m_IsActive
      value: 0
      objectReference: {fileID: 0}
    - target: {fileID: 272768389514400223, guid: 0cb20697368e64042929f51d0f8d1d50,
        type: 3}
      propertyPath: m_Materials.Array.data[0]
      value: 
      objectReference: {fileID: 2100000, guid: 5f1c5e45714854b28be28bec1d279079, type: 2}
    - target: {fileID: 272768389532918889, guid: 0cb20697368e64042929f51d0f8d1d50,
        type: 3}
      propertyPath: m_Mesh
      value: 
      objectReference: {fileID: 0}
    - target: {fileID: 272768389532918892, guid: 0cb20697368e64042929f51d0f8d1d50,
        type: 3}
      propertyPath: m_Mesh
      value: 
      objectReference: {fileID: 0}
    - target: {fileID: 272768389612051124, guid: 0cb20697368e64042929f51d0f8d1d50,
        type: 3}
      propertyPath: m_LocalPosition.x
      value: -1.04
      objectReference: {fileID: 0}
    - target: {fileID: 272768389612051124, guid: 0cb20697368e64042929f51d0f8d1d50,
        type: 3}
      propertyPath: m_LocalPosition.y
      value: -28.4
      objectReference: {fileID: 0}
    - target: {fileID: 272768389612051124, guid: 0cb20697368e64042929f51d0f8d1d50,
        type: 3}
      propertyPath: m_LocalPosition.z
      value: -9.97
      objectReference: {fileID: 0}
    - target: {fileID: 272768389612051124, guid: 0cb20697368e64042929f51d0f8d1d50,
        type: 3}
      propertyPath: m_LocalRotation.w
      value: 0.35399836
      objectReference: {fileID: 0}
    - target: {fileID: 272768389612051124, guid: 0cb20697368e64042929f51d0f8d1d50,
        type: 3}
      propertyPath: m_LocalRotation.x
      value: 0.5528296
      objectReference: {fileID: 0}
    - target: {fileID: 272768389612051124, guid: 0cb20697368e64042929f51d0f8d1d50,
        type: 3}
      propertyPath: m_LocalRotation.y
      value: -0.1595785
      objectReference: {fileID: 0}
    - target: {fileID: 272768389612051124, guid: 0cb20697368e64042929f51d0f8d1d50,
        type: 3}
      propertyPath: m_LocalRotation.z
      value: -0.7372918
      objectReference: {fileID: 0}
    - target: {fileID: 272768389612051124, guid: 0cb20697368e64042929f51d0f8d1d50,
        type: 3}
      propertyPath: m_LocalEulerAnglesHint.x
      value: 8.98
      objectReference: {fileID: 0}
    - target: {fileID: 272768389612051124, guid: 0cb20697368e64042929f51d0f8d1d50,
        type: 3}
      propertyPath: m_LocalEulerAnglesHint.y
      value: -790
      objectReference: {fileID: 0}
    - target: {fileID: 272768389612051124, guid: 0cb20697368e64042929f51d0f8d1d50,
        type: 3}
      propertyPath: m_LocalEulerAnglesHint.z
      value: -135
      objectReference: {fileID: 0}
    - target: {fileID: 272768389615552653, guid: 0cb20697368e64042929f51d0f8d1d50,
        type: 3}
      propertyPath: m_Mesh
      value: 
      objectReference: {fileID: 0}
    - target: {fileID: 272768389615552654, guid: 0cb20697368e64042929f51d0f8d1d50,
        type: 3}
      propertyPath: m_Mesh
      value: 
      objectReference: {fileID: 0}
    - target: {fileID: 272768389707645570, guid: 0cb20697368e64042929f51d0f8d1d50,
        type: 3}
      propertyPath: m_Mesh
      value: 
      objectReference: {fileID: 0}
    - target: {fileID: 272768389707645583, guid: 0cb20697368e64042929f51d0f8d1d50,
        type: 3}
      propertyPath: m_Mesh
      value: 
      objectReference: {fileID: 0}
    - target: {fileID: 272768389744940205, guid: 0cb20697368e64042929f51d0f8d1d50,
        type: 3}
      propertyPath: m_Mesh
      value: 
      objectReference: {fileID: 0}
    - target: {fileID: 272768389744940206, guid: 0cb20697368e64042929f51d0f8d1d50,
        type: 3}
      propertyPath: m_Mesh
      value: 
      objectReference: {fileID: 0}
    - target: {fileID: 272768389756744867, guid: 0cb20697368e64042929f51d0f8d1d50,
        type: 3}
      propertyPath: m_Materials.Array.data[0]
      value: 
      objectReference: {fileID: 2100000, guid: 5f1c5e45714854b28be28bec1d279079, type: 2}
    - target: {fileID: 272768389817256582, guid: 0cb20697368e64042929f51d0f8d1d50,
        type: 3}
      propertyPath: m_Materials.Array.data[0]
      value: 
      objectReference: {fileID: 2100000, guid: 0e1effab370ad4d6984a2040da3d7231, type: 2}
    - target: {fileID: 272768389824949116, guid: 0cb20697368e64042929f51d0f8d1d50,
        type: 3}
      propertyPath: m_Materials.Array.data[0]
      value: 
      objectReference: {fileID: 2100000, guid: 5f1c5e45714854b28be28bec1d279079, type: 2}
    - target: {fileID: 272768389917420536, guid: 0cb20697368e64042929f51d0f8d1d50,
        type: 3}
      propertyPath: m_Materials.Array.data[0]
      value: 
      objectReference: {fileID: 2100000, guid: 5f1c5e45714854b28be28bec1d279079, type: 2}
    - target: {fileID: 272768389921788618, guid: 0cb20697368e64042929f51d0f8d1d50,
        type: 3}
      propertyPath: m_Name
      value: Sailing Ship - Ruined Variant Variant
      objectReference: {fileID: 0}
    - target: {fileID: 272768389921788619, guid: 0cb20697368e64042929f51d0f8d1d50,
        type: 3}
      propertyPath: m_RootOrder
      value: 0
      objectReference: {fileID: 0}
    - target: {fileID: 272768389921788619, guid: 0cb20697368e64042929f51d0f8d1d50,
        type: 3}
      propertyPath: m_LocalPosition.x
      value: -35
      objectReference: {fileID: 0}
    - target: {fileID: 272768389921788619, guid: 0cb20697368e64042929f51d0f8d1d50,
        type: 3}
      propertyPath: m_LocalPosition.y
      value: 13.1
      objectReference: {fileID: 0}
    - target: {fileID: 272768389921788619, guid: 0cb20697368e64042929f51d0f8d1d50,
        type: 3}
      propertyPath: m_LocalPosition.z
      value: 22.7
      objectReference: {fileID: 0}
    - target: {fileID: 272768389921788619, guid: 0cb20697368e64042929f51d0f8d1d50,
        type: 3}
      propertyPath: m_LocalRotation.w
      value: 0.7071068
      objectReference: {fileID: 0}
    - target: {fileID: 272768389921788619, guid: 0cb20697368e64042929f51d0f8d1d50,
        type: 3}
      propertyPath: m_LocalRotation.x
      value: 0
      objectReference: {fileID: 0}
    - target: {fileID: 272768389921788619, guid: 0cb20697368e64042929f51d0f8d1d50,
        type: 3}
      propertyPath: m_LocalRotation.y
      value: 0.7071068
      objectReference: {fileID: 0}
    - target: {fileID: 272768389921788619, guid: 0cb20697368e64042929f51d0f8d1d50,
        type: 3}
      propertyPath: m_LocalRotation.z
      value: 0
      objectReference: {fileID: 0}
    - target: {fileID: 272768389921788619, guid: 0cb20697368e64042929f51d0f8d1d50,
        type: 3}
      propertyPath: m_LocalEulerAnglesHint.x
      value: 0
      objectReference: {fileID: 0}
    - target: {fileID: 272768389921788619, guid: 0cb20697368e64042929f51d0f8d1d50,
        type: 3}
      propertyPath: m_LocalEulerAnglesHint.y
      value: 90
      objectReference: {fileID: 0}
    - target: {fileID: 272768389921788619, guid: 0cb20697368e64042929f51d0f8d1d50,
        type: 3}
      propertyPath: m_LocalEulerAnglesHint.z
      value: 0
      objectReference: {fileID: 0}
    - target: {fileID: 272768389931328443, guid: 0cb20697368e64042929f51d0f8d1d50,
        type: 3}
      propertyPath: m_Mesh
      value: 
      objectReference: {fileID: 0}
    - target: {fileID: 272768389931328446, guid: 0cb20697368e64042929f51d0f8d1d50,
        type: 3}
      propertyPath: m_Mesh
      value: 
      objectReference: {fileID: 0}
    - target: {fileID: 272768389945597514, guid: 0cb20697368e64042929f51d0f8d1d50,
        type: 3}
      propertyPath: m_IsActive
      value: 0
      objectReference: {fileID: 0}
    - target: {fileID: 272768390005239437, guid: 0cb20697368e64042929f51d0f8d1d50,
        type: 3}
      propertyPath: m_Mesh
      value: 
      objectReference: {fileID: 0}
    - target: {fileID: 272768390005239438, guid: 0cb20697368e64042929f51d0f8d1d50,
        type: 3}
      propertyPath: m_Mesh
      value: 
      objectReference: {fileID: 0}
    - target: {fileID: 272768390006815537, guid: 0cb20697368e64042929f51d0f8d1d50,
        type: 3}
      propertyPath: m_Mesh
      value: 
      objectReference: {fileID: 0}
    - target: {fileID: 272768390006815538, guid: 0cb20697368e64042929f51d0f8d1d50,
        type: 3}
      propertyPath: m_Mesh
      value: 
      objectReference: {fileID: 0}
    - target: {fileID: 272768390037414834, guid: 0cb20697368e64042929f51d0f8d1d50,
        type: 3}
      propertyPath: m_Mesh
      value: 
      objectReference: {fileID: 0}
    - target: {fileID: 272768390037414847, guid: 0cb20697368e64042929f51d0f8d1d50,
        type: 3}
      propertyPath: m_Mesh
      value: 
      objectReference: {fileID: 0}
    - target: {fileID: 272768390041670424, guid: 0cb20697368e64042929f51d0f8d1d50,
        type: 3}
      propertyPath: m_Materials.Array.data[0]
      value: 
      objectReference: {fileID: 2100000, guid: 5f1c5e45714854b28be28bec1d279079, type: 2}
    - target: {fileID: 272768390121231578, guid: 0cb20697368e64042929f51d0f8d1d50,
        type: 3}
      propertyPath: m_Mesh
      value: 
      objectReference: {fileID: 0}
    - target: {fileID: 272768390121232167, guid: 0cb20697368e64042929f51d0f8d1d50,
        type: 3}
      propertyPath: m_Mesh
      value: 
      objectReference: {fileID: 0}
    - target: {fileID: 272768390130600784, guid: 0cb20697368e64042929f51d0f8d1d50,
        type: 3}
      propertyPath: m_Materials.Array.data[0]
      value: 
      objectReference: {fileID: 2100000, guid: 0e1effab370ad4d6984a2040da3d7231, type: 2}
    - target: {fileID: 272768390130600784, guid: 0cb20697368e64042929f51d0f8d1d50,
        type: 3}
      propertyPath: m_Materials.Array.data[2]
      value: 
      objectReference: {fileID: 2100000, guid: bef48ff40027b4304b3a8a27153ee0d7, type: 2}
    - target: {fileID: 272768390163028142, guid: 0cb20697368e64042929f51d0f8d1d50,
        type: 3}
      propertyPath: m_LocalPosition.y
      value: -18.479168
      objectReference: {fileID: 0}
    - target: {fileID: 272768390163028142, guid: 0cb20697368e64042929f51d0f8d1d50,
        type: 3}
      propertyPath: m_LocalPosition.z
      value: -1.2865486
      objectReference: {fileID: 0}
    - target: {fileID: 272768390163028142, guid: 0cb20697368e64042929f51d0f8d1d50,
        type: 3}
      propertyPath: m_LocalRotation.w
      value: 0.6422808
      objectReference: {fileID: 0}
    - target: {fileID: 272768390163028142, guid: 0cb20697368e64042929f51d0f8d1d50,
        type: 3}
      propertyPath: m_LocalRotation.x
      value: 0.76646936
      objectReference: {fileID: 0}
    - target: {fileID: 272768390163028142, guid: 0cb20697368e64042929f51d0f8d1d50,
        type: 3}
      propertyPath: m_LocalRotation.y
      value: 0.00000002107342
      objectReference: {fileID: 0}
    - target: {fileID: 272768390163028142, guid: 0cb20697368e64042929f51d0f8d1d50,
        type: 3}
      propertyPath: m_LocalRotation.z
      value: -0.00000002107342
      objectReference: {fileID: 0}
    - target: {fileID: 272768390163028142, guid: 0cb20697368e64042929f51d0f8d1d50,
        type: 3}
      propertyPath: m_LocalEulerAnglesHint.x
      value: 100.07599
      objectReference: {fileID: 0}
    - target: {fileID: 272768390163028142, guid: 0cb20697368e64042929f51d0f8d1d50,
        type: 3}
      propertyPath: m_LocalEulerAnglesHint.y
      value: -0.000015258789
      objectReference: {fileID: 0}
    - target: {fileID: 272768390248201747, guid: 0cb20697368e64042929f51d0f8d1d50,
        type: 3}
      propertyPath: m_Mesh
      value: 
      objectReference: {fileID: 0}
    - target: {fileID: 272768390248201750, guid: 0cb20697368e64042929f51d0f8d1d50,
        type: 3}
      propertyPath: m_Mesh
      value: 
      objectReference: {fileID: 0}
    - target: {fileID: 272768390293679419, guid: 0cb20697368e64042929f51d0f8d1d50,
        type: 3}
      propertyPath: m_LocalPosition.x
      value: -14.039638
      objectReference: {fileID: 0}
    - target: {fileID: 272768390293679419, guid: 0cb20697368e64042929f51d0f8d1d50,
        type: 3}
      propertyPath: m_LocalPosition.y
      value: 29.34294
      objectReference: {fileID: 0}
    - target: {fileID: 272768390293679419, guid: 0cb20697368e64042929f51d0f8d1d50,
        type: 3}
      propertyPath: m_LocalPosition.z
      value: 4.604763
      objectReference: {fileID: 0}
    - target: {fileID: 272768390293679419, guid: 0cb20697368e64042929f51d0f8d1d50,
        type: 3}
      propertyPath: m_LocalRotation.w
      value: 0.2723354
      objectReference: {fileID: 0}
    - target: {fileID: 272768390293679419, guid: 0cb20697368e64042929f51d0f8d1d50,
        type: 3}
      propertyPath: m_LocalRotation.x
      value: 0.4528606
      objectReference: {fileID: 0}
    - target: {fileID: 272768390293679419, guid: 0cb20697368e64042929f51d0f8d1d50,
        type: 3}
      propertyPath: m_LocalRotation.y
      value: 0.43752253
      objectReference: {fileID: 0}
    - target: {fileID: 272768390293679419, guid: 0cb20697368e64042929f51d0f8d1d50,
        type: 3}
      propertyPath: m_LocalRotation.z
      value: -0.72754705
      objectReference: {fileID: 0}
    - target: {fileID: 272768390293679419, guid: 0cb20697368e64042929f51d0f8d1d50,
        type: 3}
      propertyPath: m_LocalEulerAnglesHint.x
      value: 62.043003
      objectReference: {fileID: 0}
    - target: {fileID: 272768390293679419, guid: 0cb20697368e64042929f51d0f8d1d50,
        type: 3}
      propertyPath: m_LocalEulerAnglesHint.y
      value: -63.800003
      objectReference: {fileID: 0}
    - target: {fileID: 272768390293679419, guid: 0cb20697368e64042929f51d0f8d1d50,
        type: 3}
      propertyPath: m_LocalEulerAnglesHint.z
      value: -180.00002
      objectReference: {fileID: 0}
    - target: {fileID: 272768390342076625, guid: 0cb20697368e64042929f51d0f8d1d50,
        type: 3}
      propertyPath: m_IsActive
      value: 0
      objectReference: {fileID: 0}
    - target: {fileID: 272768390355894664, guid: 0cb20697368e64042929f51d0f8d1d50,
        type: 3}
      propertyPath: m_Mesh
      value: 
      objectReference: {fileID: 0}
    - target: {fileID: 272768390355894677, guid: 0cb20697368e64042929f51d0f8d1d50,
        type: 3}
      propertyPath: m_Mesh
      value: 
      objectReference: {fileID: 0}
    - target: {fileID: 272768390391474572, guid: 0cb20697368e64042929f51d0f8d1d50,
        type: 3}
      propertyPath: m_LocalPosition.x
      value: 0.04
      objectReference: {fileID: 0}
    - target: {fileID: 272768390391474572, guid: 0cb20697368e64042929f51d0f8d1d50,
        type: 3}
      propertyPath: m_LocalPosition.y
      value: -17.88
      objectReference: {fileID: 0}
    - target: {fileID: 272768390391474572, guid: 0cb20697368e64042929f51d0f8d1d50,
        type: 3}
      propertyPath: m_LocalPosition.z
      value: 7.7
      objectReference: {fileID: 0}
    - target: {fileID: 272768390391474572, guid: 0cb20697368e64042929f51d0f8d1d50,
        type: 3}
      propertyPath: m_LocalRotation.w
      value: 0.704728
      objectReference: {fileID: 0}
    - target: {fileID: 272768390391474572, guid: 0cb20697368e64042929f51d0f8d1d50,
        type: 3}
      propertyPath: m_LocalRotation.x
      value: 0.69645727
      objectReference: {fileID: 0}
    - target: {fileID: 272768390391474572, guid: 0cb20697368e64042929f51d0f8d1d50,
        type: 3}
      propertyPath: m_LocalRotation.y
      value: -0.12225944
      objectReference: {fileID: 0}
    - target: {fileID: 272768390391474572, guid: 0cb20697368e64042929f51d0f8d1d50,
        type: 3}
      propertyPath: m_LocalRotation.z
      value: -0.057952177
      objectReference: {fileID: 0}
    - target: {fileID: 272768390391474572, guid: 0cb20697368e64042929f51d0f8d1d50,
        type: 3}
      propertyPath: m_LocalEulerAnglesHint.x
      value: 75.342
      objectReference: {fileID: 0}
    - target: {fileID: 272768390391474572, guid: 0cb20697368e64042929f51d0f8d1d50,
        type: 3}
      propertyPath: m_LocalEulerAnglesHint.y
      value: -90.00001
      objectReference: {fileID: 0}
    - target: {fileID: 272768390391474572, guid: 0cb20697368e64042929f51d0f8d1d50,
        type: 3}
      propertyPath: m_LocalEulerAnglesHint.z
      value: -84.745
      objectReference: {fileID: 0}
    - target: {fileID: 272768390447520509, guid: 0cb20697368e64042929f51d0f8d1d50,
        type: 3}
      propertyPath: m_LocalPosition.x
      value: -6.4502287
      objectReference: {fileID: 0}
    - target: {fileID: 272768390447520509, guid: 0cb20697368e64042929f51d0f8d1d50,
        type: 3}
      propertyPath: m_LocalPosition.z
      value: 1.2217779
      objectReference: {fileID: 0}
    - target: {fileID: 272768390447520511, guid: 0cb20697368e64042929f51d0f8d1d50,
        type: 3}
      propertyPath: m_Materials.Array.data[0]
      value: 
      objectReference: {fileID: 2100000, guid: 0e1effab370ad4d6984a2040da3d7231, type: 2}
    - target: {fileID: 272768390447520511, guid: 0cb20697368e64042929f51d0f8d1d50,
        type: 3}
      propertyPath: m_Materials.Array.data[1]
      value: 
      objectReference: {fileID: 2100000, guid: bef48ff40027b4304b3a8a27153ee0d7, type: 2}
    - target: {fileID: 272768390447520511, guid: 0cb20697368e64042929f51d0f8d1d50,
        type: 3}
      propertyPath: m_Materials.Array.data[3]
      value: 
      objectReference: {fileID: 2100000, guid: 5f1c5e45714854b28be28bec1d279079, type: 2}
    - target: {fileID: 272768390447520511, guid: 0cb20697368e64042929f51d0f8d1d50,
        type: 3}
      propertyPath: m_Materials.Array.data[5]
      value: 
      objectReference: {fileID: 2100000, guid: 0e1effab370ad4d6984a2040da3d7231, type: 2}
    - target: {fileID: 272768390447520511, guid: 0cb20697368e64042929f51d0f8d1d50,
        type: 3}
      propertyPath: m_Materials.Array.data[6]
      value: 
      objectReference: {fileID: 2100000, guid: 5f1c5e45714854b28be28bec1d279079, type: 2}
    - target: {fileID: 272768390466514720, guid: 0cb20697368e64042929f51d0f8d1d50,
        type: 3}
      propertyPath: m_Mesh
      value: 
      objectReference: {fileID: 0}
    - target: {fileID: 272768390466514727, guid: 0cb20697368e64042929f51d0f8d1d50,
        type: 3}
      propertyPath: m_Mesh
      value: 
      objectReference: {fileID: 0}
    - target: {fileID: 272768390468865409, guid: 0cb20697368e64042929f51d0f8d1d50,
        type: 3}
      propertyPath: m_Mesh
      value: 
      objectReference: {fileID: 0}
    - target: {fileID: 272768390468865410, guid: 0cb20697368e64042929f51d0f8d1d50,
        type: 3}
      propertyPath: m_Mesh
      value: 
      objectReference: {fileID: 0}
    - target: {fileID: 272768390491538721, guid: 0cb20697368e64042929f51d0f8d1d50,
        type: 3}
      propertyPath: m_LocalPosition.x
      value: 1.8
      objectReference: {fileID: 0}
    - target: {fileID: 272768390491538721, guid: 0cb20697368e64042929f51d0f8d1d50,
        type: 3}
      propertyPath: m_LocalPosition.y
      value: -6.21
      objectReference: {fileID: 0}
    - target: {fileID: 272768390491538721, guid: 0cb20697368e64042929f51d0f8d1d50,
        type: 3}
      propertyPath: m_LocalPosition.z
      value: 0.61
      objectReference: {fileID: 0}
    - target: {fileID: 272768390491538721, guid: 0cb20697368e64042929f51d0f8d1d50,
        type: 3}
      propertyPath: m_LocalRotation.w
      value: 0.7631295
      objectReference: {fileID: 0}
    - target: {fileID: 272768390491538721, guid: 0cb20697368e64042929f51d0f8d1d50,
        type: 3}
      propertyPath: m_LocalRotation.x
      value: 0.6403416
      objectReference: {fileID: 0}
    - target: {fileID: 272768390491538721, guid: 0cb20697368e64042929f51d0f8d1d50,
        type: 3}
      propertyPath: m_LocalRotation.y
      value: 0.06676521
      objectReference: {fileID: 0}
    - target: {fileID: 272768390491538721, guid: 0cb20697368e64042929f51d0f8d1d50,
        type: 3}
      propertyPath: m_LocalRotation.z
      value: -0.05602265
      objectReference: {fileID: 0}
    - target: {fileID: 272768390491538721, guid: 0cb20697368e64042929f51d0f8d1d50,
        type: 3}
      propertyPath: m_LocalEulerAnglesHint.x
      value: 80
      objectReference: {fileID: 0}
    - target: {fileID: 272768390491538721, guid: 0cb20697368e64042929f51d0f8d1d50,
        type: 3}
      propertyPath: m_LocalEulerAnglesHint.y
      value: 10
      objectReference: {fileID: 0}
    - target: {fileID: 272768390491538724, guid: 0cb20697368e64042929f51d0f8d1d50,
        type: 3}
      propertyPath: m_Materials.Array.data[0]
      value: 
      objectReference: {fileID: 2100000, guid: bef48ff40027b4304b3a8a27153ee0d7, type: 2}
    - target: {fileID: 272768390514628925, guid: 0cb20697368e64042929f51d0f8d1d50,
        type: 3}
      propertyPath: m_IsActive
      value: 0
      objectReference: {fileID: 0}
    - target: {fileID: 272768390521656723, guid: 0cb20697368e64042929f51d0f8d1d50,
        type: 3}
      propertyPath: m_LocalPosition.x
      value: -12.554575
      objectReference: {fileID: 0}
    - target: {fileID: 272768390521656723, guid: 0cb20697368e64042929f51d0f8d1d50,
        type: 3}
      propertyPath: m_LocalPosition.y
      value: 20.155832
      objectReference: {fileID: 0}
    - target: {fileID: 272768390521656723, guid: 0cb20697368e64042929f51d0f8d1d50,
        type: 3}
      propertyPath: m_LocalPosition.z
      value: 4.7206955
      objectReference: {fileID: 0}
    - target: {fileID: 272768390521656723, guid: 0cb20697368e64042929f51d0f8d1d50,
        type: 3}
      propertyPath: m_LocalRotation.w
      value: 0.32081556
      objectReference: {fileID: 0}
    - target: {fileID: 272768390521656723, guid: 0cb20697368e64042929f51d0f8d1d50,
        type: 3}
      propertyPath: m_LocalRotation.x
      value: 0.39162013
      objectReference: {fileID: 0}
    - target: {fileID: 272768390521656723, guid: 0cb20697368e64042929f51d0f8d1d50,
        type: 3}
      propertyPath: m_LocalRotation.y
      value: 0.5465031
      objectReference: {fileID: 0}
    - target: {fileID: 272768390521656723, guid: 0cb20697368e64042929f51d0f8d1d50,
        type: 3}
      propertyPath: m_LocalRotation.z
      value: -0.66711724
      objectReference: {fileID: 0}
    - target: {fileID: 272768390521656723, guid: 0cb20697368e64042929f51d0f8d1d50,
        type: 3}
      propertyPath: m_LocalEulerAnglesHint.x
      value: 78.649
      objectReference: {fileID: 0}
    - target: {fileID: 272768390521656723, guid: 0cb20697368e64042929f51d0f8d1d50,
        type: 3}
      propertyPath: m_LocalEulerAnglesHint.y
      value: -60.829002
      objectReference: {fileID: 0}
    - target: {fileID: 272768390521656723, guid: 0cb20697368e64042929f51d0f8d1d50,
        type: 3}
      propertyPath: m_LocalEulerAnglesHint.z
      value: -179.99998
      objectReference: {fileID: 0}
    - target: {fileID: 272768390564596623, guid: 0cb20697368e64042929f51d0f8d1d50,
        type: 3}
      propertyPath: m_LocalPosition.x
      value: -10.85
      objectReference: {fileID: 0}
    - target: {fileID: 272768390564596623, guid: 0cb20697368e64042929f51d0f8d1d50,
        type: 3}
      propertyPath: m_LocalPosition.y
      value: 6.79
      objectReference: {fileID: 0}
    - target: {fileID: 272768390641383432, guid: 0cb20697368e64042929f51d0f8d1d50,
        type: 3}
      propertyPath: m_LocalPosition.x
      value: -4.78
      objectReference: {fileID: 0}
    - target: {fileID: 272768390641383432, guid: 0cb20697368e64042929f51d0f8d1d50,
        type: 3}
      propertyPath: m_LocalPosition.y
      value: -17.32
      objectReference: {fileID: 0}
    - target: {fileID: 272768390641383432, guid: 0cb20697368e64042929f51d0f8d1d50,
        type: 3}
      propertyPath: m_LocalPosition.z
      value: -5.73
      objectReference: {fileID: 0}
    - target: {fileID: 272768390641383432, guid: 0cb20697368e64042929f51d0f8d1d50,
        type: 3}
      propertyPath: m_LocalRotation.w
      value: 0.4277115
      objectReference: {fileID: 0}
    - target: {fileID: 272768390641383432, guid: 0cb20697368e64042929f51d0f8d1d50,
        type: 3}
      propertyPath: m_LocalRotation.x
      value: 0.8937091
      objectReference: {fileID: 0}
    - target: {fileID: 272768390641383432, guid: 0cb20697368e64042929f51d0f8d1d50,
        type: 3}
      propertyPath: m_LocalRotation.y
      value: 0.08810267
      objectReference: {fileID: 0}
    - target: {fileID: 272768390641383432, guid: 0cb20697368e64042929f51d0f8d1d50,
        type: 3}
      propertyPath: m_LocalRotation.z
      value: -0.10288256
      objectReference: {fileID: 0}
    - target: {fileID: 272768390641383432, guid: 0cb20697368e64042929f51d0f8d1d50,
        type: 3}
      propertyPath: m_LocalEulerAnglesHint.x
      value: 128.498
      objectReference: {fileID: 0}
    - target: {fileID: 272768390641383432, guid: 0cb20697368e64042929f51d0f8d1d50,
        type: 3}
      propertyPath: m_LocalEulerAnglesHint.y
      value: 10.040985
      objectReference: {fileID: 0}
    - target: {fileID: 272768390641383432, guid: 0cb20697368e64042929f51d0f8d1d50,
        type: 3}
      propertyPath: m_LocalEulerAnglesHint.z
      value: -6.4069824
      objectReference: {fileID: 0}
    - target: {fileID: 272768390641383439, guid: 0cb20697368e64042929f51d0f8d1d50,
        type: 3}
      propertyPath: m_Materials.Array.data[0]
      value: 
      objectReference: {fileID: 2100000, guid: 8638e09d4e4c941e4a30051620da2190, type: 2}
    - target: {fileID: 272768390649200977, guid: 0cb20697368e64042929f51d0f8d1d50,
        type: 3}
      propertyPath: m_Mesh
      value: 
      objectReference: {fileID: 0}
    - target: {fileID: 272768390649200978, guid: 0cb20697368e64042929f51d0f8d1d50,
        type: 3}
      propertyPath: m_Mesh
      value: 
      objectReference: {fileID: 0}
    - target: {fileID: 272768390735039715, guid: 0cb20697368e64042929f51d0f8d1d50,
        type: 3}
      propertyPath: m_IsActive
      value: 0
      objectReference: {fileID: 0}
    - target: {fileID: 444914157033111177, guid: 0cb20697368e64042929f51d0f8d1d50,
        type: 3}
      propertyPath: m_LocalPosition.x
      value: 0.39766216
      objectReference: {fileID: 0}
    - target: {fileID: 444914157033111177, guid: 0cb20697368e64042929f51d0f8d1d50,
        type: 3}
      propertyPath: m_LocalPosition.y
      value: 0.033167843
      objectReference: {fileID: 0}
    - target: {fileID: 444914157033111177, guid: 0cb20697368e64042929f51d0f8d1d50,
        type: 3}
      propertyPath: m_LocalPosition.z
      value: 0.0000000037252903
      objectReference: {fileID: 0}
    - target: {fileID: 444914157033111177, guid: 0cb20697368e64042929f51d0f8d1d50,
        type: 3}
      propertyPath: m_LocalRotation.w
      value: 0.99511087
      objectReference: {fileID: 0}
    - target: {fileID: 444914157033111177, guid: 0cb20697368e64042929f51d0f8d1d50,
        type: 3}
      propertyPath: m_LocalRotation.x
      value: -0
      objectReference: {fileID: 0}
    - target: {fileID: 444914157033111177, guid: 0cb20697368e64042929f51d0f8d1d50,
        type: 3}
      propertyPath: m_LocalRotation.y
      value: 0.000000018626448
      objectReference: {fileID: 0}
    - target: {fileID: 444914157033111177, guid: 0cb20697368e64042929f51d0f8d1d50,
        type: 3}
      propertyPath: m_LocalRotation.z
      value: 0.098764785
      objectReference: {fileID: 0}
    - target: {fileID: 444914157033111177, guid: 0cb20697368e64042929f51d0f8d1d50,
        type: 3}
      propertyPath: m_LocalEulerAnglesHint.z
      value: 11.336
      objectReference: {fileID: 0}
    - target: {fileID: 653433463431889879, guid: 0cb20697368e64042929f51d0f8d1d50,
        type: 3}
      propertyPath: m_Mesh
      value: 
      objectReference: {fileID: 0}
    - target: {fileID: 1663801314420120233, guid: 0cb20697368e64042929f51d0f8d1d50,
        type: 3}
      propertyPath: m_Mesh
      value: 
      objectReference: {fileID: 0}
    - target: {fileID: 2811170339240780211, guid: 0cb20697368e64042929f51d0f8d1d50,
        type: 3}
      propertyPath: m_Mesh
      value: 
      objectReference: {fileID: 0}
    - target: {fileID: 2811170339240780236, guid: 0cb20697368e64042929f51d0f8d1d50,
        type: 3}
      propertyPath: m_Mesh
      value: 
      objectReference: {fileID: 0}
    - target: {fileID: 2811170339276874909, guid: 0cb20697368e64042929f51d0f8d1d50,
        type: 3}
      propertyPath: m_Mesh
      value: 
      objectReference: {fileID: 0}
    - target: {fileID: 2811170339276874910, guid: 0cb20697368e64042929f51d0f8d1d50,
        type: 3}
      propertyPath: m_Mesh
      value: 
      objectReference: {fileID: 0}
    - target: {fileID: 2811170339483659781, guid: 0cb20697368e64042929f51d0f8d1d50,
        type: 3}
      propertyPath: m_Mesh
      value: 
      objectReference: {fileID: 0}
    - target: {fileID: 2811170339483659784, guid: 0cb20697368e64042929f51d0f8d1d50,
        type: 3}
      propertyPath: m_Mesh
      value: 
      objectReference: {fileID: 0}
    - target: {fileID: 2811170339615176214, guid: 0cb20697368e64042929f51d0f8d1d50,
        type: 3}
      propertyPath: m_IsActive
      value: 0
      objectReference: {fileID: 0}
    - target: {fileID: 2811170339615176215, guid: 0cb20697368e64042929f51d0f8d1d50,
        type: 3}
      propertyPath: m_Mesh
      value: 
      objectReference: {fileID: 0}
    - target: {fileID: 2811170339615176218, guid: 0cb20697368e64042929f51d0f8d1d50,
        type: 3}
      propertyPath: m_Mesh
      value: 
      objectReference: {fileID: 0}
    - target: {fileID: 2811170339693348968, guid: 0cb20697368e64042929f51d0f8d1d50,
        type: 3}
      propertyPath: m_Mesh
      value: 
      objectReference: {fileID: 0}
    - target: {fileID: 2811170339693348975, guid: 0cb20697368e64042929f51d0f8d1d50,
        type: 3}
      propertyPath: m_Mesh
      value: 
      objectReference: {fileID: 0}
    - target: {fileID: 2811170339709641571, guid: 0cb20697368e64042929f51d0f8d1d50,
        type: 3}
      propertyPath: m_Mesh
      value: 
      objectReference: {fileID: 0}
    - target: {fileID: 2811170339709641574, guid: 0cb20697368e64042929f51d0f8d1d50,
        type: 3}
      propertyPath: m_Mesh
      value: 
      objectReference: {fileID: 0}
    - target: {fileID: 2811170340448668577, guid: 0cb20697368e64042929f51d0f8d1d50,
        type: 3}
      propertyPath: m_Mesh
      value: 
      objectReference: {fileID: 0}
    - target: {fileID: 2811170340448668580, guid: 0cb20697368e64042929f51d0f8d1d50,
        type: 3}
      propertyPath: m_Mesh
      value: 
      objectReference: {fileID: 0}
    - target: {fileID: 2811170340502003921, guid: 0cb20697368e64042929f51d0f8d1d50,
        type: 3}
      propertyPath: m_Mesh
      value: 
      objectReference: {fileID: 0}
    - target: {fileID: 2811170340502003924, guid: 0cb20697368e64042929f51d0f8d1d50,
        type: 3}
      propertyPath: m_Mesh
      value: 
      objectReference: {fileID: 0}
    - target: {fileID: 2811170340558631569, guid: 0cb20697368e64042929f51d0f8d1d50,
        type: 3}
      propertyPath: m_Mesh
      value: 
      objectReference: {fileID: 0}
    - target: {fileID: 2811170340558631570, guid: 0cb20697368e64042929f51d0f8d1d50,
        type: 3}
      propertyPath: m_Mesh
      value: 
      objectReference: {fileID: 0}
    - target: {fileID: 2811170340690418891, guid: 0cb20697368e64042929f51d0f8d1d50,
        type: 3}
      propertyPath: m_Mesh
      value: 
      objectReference: {fileID: 0}
    - target: {fileID: 2811170340690418894, guid: 0cb20697368e64042929f51d0f8d1d50,
        type: 3}
      propertyPath: m_Mesh
      value: 
      objectReference: {fileID: 0}
    - target: {fileID: 2811170340854237964, guid: 0cb20697368e64042929f51d0f8d1d50,
        type: 3}
      propertyPath: m_Mesh
      value: 
      objectReference: {fileID: 0}
    - target: {fileID: 2811170340854238195, guid: 0cb20697368e64042929f51d0f8d1d50,
        type: 3}
      propertyPath: m_Mesh
      value: 
      objectReference: {fileID: 0}
    - target: {fileID: 2811170341277091671, guid: 0cb20697368e64042929f51d0f8d1d50,
        type: 3}
      propertyPath: m_Mesh
      value: 
      objectReference: {fileID: 0}
    - target: {fileID: 2811170341277091674, guid: 0cb20697368e64042929f51d0f8d1d50,
        type: 3}
      propertyPath: m_Mesh
      value: 
      objectReference: {fileID: 0}
    - target: {fileID: 5339828950043876938, guid: 0cb20697368e64042929f51d0f8d1d50,
        type: 3}
      propertyPath: m_Mesh
      value: 
      objectReference: {fileID: 0}
    - target: {fileID: 5605327228637256481, guid: 0cb20697368e64042929f51d0f8d1d50,
        type: 3}
      propertyPath: m_IsActive
      value: 0
      objectReference: {fileID: 0}
    - target: {fileID: 6060884247186933556, guid: 0cb20697368e64042929f51d0f8d1d50,
        type: 3}
      propertyPath: m_Mesh
      value: 
      objectReference: {fileID: 0}
    - target: {fileID: 6232176216198009168, guid: 0cb20697368e64042929f51d0f8d1d50,
        type: 3}
      propertyPath: m_IsActive
      value: 1
      objectReference: {fileID: 0}
    - target: {fileID: 7710024631154928220, guid: 0cb20697368e64042929f51d0f8d1d50,
        type: 3}
      propertyPath: m_Mesh
      value: 
      objectReference: {fileID: 0}
    - target: {fileID: 7717014884627332946, guid: 0cb20697368e64042929f51d0f8d1d50,
        type: 3}
      propertyPath: m_RootOrder
      value: 3
      objectReference: {fileID: 0}
    - target: {fileID: 7811107694341954161, guid: 0cb20697368e64042929f51d0f8d1d50,
        type: 3}
      propertyPath: m_Mesh
      value: 
      objectReference: {fileID: 0}
    - target: {fileID: 7811107694341954166, guid: 0cb20697368e64042929f51d0f8d1d50,
        type: 3}
      propertyPath: m_Mesh
      value: 
      objectReference: {fileID: 0}
    - target: {fileID: 7811107694419195976, guid: 0cb20697368e64042929f51d0f8d1d50,
        type: 3}
      propertyPath: m_Mesh
      value: 
      objectReference: {fileID: 0}
    - target: {fileID: 7811107694419195983, guid: 0cb20697368e64042929f51d0f8d1d50,
        type: 3}
      propertyPath: m_Mesh
      value: 
      objectReference: {fileID: 0}
    - target: {fileID: 7811107694678470387, guid: 0cb20697368e64042929f51d0f8d1d50,
        type: 3}
      propertyPath: m_Mesh
      value: 
      objectReference: {fileID: 0}
    - target: {fileID: 7811107694678470388, guid: 0cb20697368e64042929f51d0f8d1d50,
        type: 3}
      propertyPath: m_Mesh
      value: 
      objectReference: {fileID: 0}
    - target: {fileID: 7811107695193692592, guid: 0cb20697368e64042929f51d0f8d1d50,
        type: 3}
      propertyPath: m_Mesh
      value: 
      objectReference: {fileID: 0}
    - target: {fileID: 7811107695193692599, guid: 0cb20697368e64042929f51d0f8d1d50,
        type: 3}
      propertyPath: m_Mesh
      value: 
      objectReference: {fileID: 0}
    - target: {fileID: 7919186209505304292, guid: 0cb20697368e64042929f51d0f8d1d50,
        type: 3}
      propertyPath: m_Mesh
      value: 
      objectReference: {fileID: 0}
    - target: {fileID: 8078316237099117989, guid: 0cb20697368e64042929f51d0f8d1d50,
        type: 3}
      propertyPath: m_Size
      value: 80.31197
      objectReference: {fileID: 0}
    - target: {fileID: 8078316237099117989, guid: 0cb20697368e64042929f51d0f8d1d50,
        type: 3}
      propertyPath: m_LocalReferencePoint.x
      value: -6.5820293
      objectReference: {fileID: 0}
    - target: {fileID: 8078316237099117989, guid: 0cb20697368e64042929f51d0f8d1d50,
        type: 3}
      propertyPath: m_LocalReferencePoint.y
      value: 15.196544
      objectReference: {fileID: 0}
    - target: {fileID: 8078316237099117989, guid: 0cb20697368e64042929f51d0f8d1d50,
        type: 3}
      propertyPath: m_LocalReferencePoint.z
      value: -1.3773766
      objectReference: {fileID: 0}
    - target: {fileID: 8078316237099117989, guid: 0cb20697368e64042929f51d0f8d1d50,
        type: 3}
      propertyPath: m_LODs.Array.data[1].renderers.Array.size
      value: 1
      objectReference: {fileID: 0}
    - target: {fileID: 8078316237099117989, guid: 0cb20697368e64042929f51d0f8d1d50,
        type: 3}
      propertyPath: m_LODs.Array.data[2].renderers.Array.size
      value: 1
      objectReference: {fileID: 0}
    - target: {fileID: 8078316237099117989, guid: 0cb20697368e64042929f51d0f8d1d50,
        type: 3}
      propertyPath: m_LODs.Array.data[1].renderers.Array.data[0].renderer
      value: 
      objectReference: {fileID: 5622549119552653626}
    - target: {fileID: 8078316237099117989, guid: 0cb20697368e64042929f51d0f8d1d50,
        type: 3}
      propertyPath: m_LODs.Array.data[2].renderers.Array.data[0].renderer
      value: 
      objectReference: {fileID: 5622549119552653626}
    - target: {fileID: 8349935226706495386, guid: 0cb20697368e64042929f51d0f8d1d50,
        type: 3}
      propertyPath: m_Mesh
      value: 
      objectReference: {fileID: 0}
    - target: {fileID: 8429039423699596066, guid: 0cb20697368e64042929f51d0f8d1d50,
        type: 3}
      propertyPath: m_Mesh
      value: 
      objectReference: {fileID: 0}
    m_RemovedComponents:
    - {fileID: 272768390447520498, guid: 0cb20697368e64042929f51d0f8d1d50, type: 3}
    - {fileID: 272768390447520499, guid: 0cb20697368e64042929f51d0f8d1d50, type: 3}
    - {fileID: 272768390447520496, guid: 0cb20697368e64042929f51d0f8d1d50, type: 3}
    - {fileID: 9118581708823183535, guid: 0cb20697368e64042929f51d0f8d1d50, type: 3}
  m_SourcePrefab: {fileID: 100100000, guid: 0cb20697368e64042929f51d0f8d1d50, type: 3}
--- !u!4 &5319518047560496432 stripped
Transform:
  m_CorrespondingSourceObject: {fileID: 272768389921788619, guid: 0cb20697368e64042929f51d0f8d1d50,
    type: 3}
  m_PrefabInstance: {fileID: 5340046626660624379}
  m_PrefabAsset: {fileID: 0}
--- !u!23 &5622549119552653626 stripped
MeshRenderer:
  m_CorrespondingSourceObject: {fileID: 296365384607346369, guid: 0cb20697368e64042929f51d0f8d1d50,
    type: 3}
  m_PrefabInstance: {fileID: 5340046626660624379}
  m_PrefabAsset: {fileID: 0}
