%YAML 1.1
%TAG !u! tag:unity3d.com,2011:
--- !u!1 &5055961917416329986
GameObject:
  m_ObjectHideFlags: 0
  m_CorrespondingSourceObject: {fileID: 0}
  m_PrefabInstance: {fileID: 0}
  m_PrefabAsset: {fileID: 0}
  serializedVersion: 6
  m_Component:
  - component: {fileID: 5055961917416329987}
  - component: {fileID: 5055961917416329991}
  - component: {fileID: 5055961917416329990}
  - component: {fileID: 5055961917416329985}
  m_Layer: 0
  m_Name: Text 7
  m_TagString: Untagged
  m_Icon: {fileID: 0}
  m_NavMeshLayer: 0
  m_StaticEditorFlags: 0
  m_IsActive: 1
--- !u!4 &5055961917416329987
Transform:
  m_ObjectHideFlags: 0
  m_CorrespondingSourceObject: {fileID: 0}
  m_PrefabInstance: {fileID: 0}
  m_PrefabAsset: {fileID: 0}
  m_GameObject: {fileID: 5055961917416329986}
  m_LocalRotation: {x: -0, y: 0.7071068, z: -0.7071068, w: 0}
  m_LocalPosition: {x: -1.58, y: 3.56, z: -1.44}
  m_LocalScale: {x: 1, y: 1, z: 1}
  m_Children: []
  m_Father: {fileID: 5055961918034606707}
  m_RootOrder: 2
  m_LocalEulerAnglesHint: {x: 0, y: 0, z: 0}
--- !u!114 &5055961917416329991
MonoBehaviour:
  m_ObjectHideFlags: 0
  m_CorrespondingSourceObject: {fileID: 0}
  m_PrefabInstance: {fileID: 0}
  m_PrefabAsset: {fileID: 0}
  m_GameObject: {fileID: 5055961917416329986}
  m_Enabled: 1
  m_EditorHideFlags: 0
  m_Script: {fileID: 11500000, guid: bb977b126bc1b4f15813dcf9da9bb600, type: 3}
  m_Name: 
  m_EditorClassIdentifier: 
  m_Points:
  - {x: 0, y: 0, z: 0}
  - {x: -0.0060806293, y: 0.000000014901161, z: 0.1539879}
  - {x: -1.1386416, y: 0.000000014901161, z: 0.15901758}
  - {x: -1.0626299, y: 0.000000029802322, z: 0.3523369}
  - {x: -0.9658816, y: 0.000000059604645, z: 0.5933266}
  - {x: -0.8531878, y: 0.000000059604645, z: 0.7422944}
  - {x: -0.68361676, y: 0.00000011920929, z: 0.9223386}
  - {x: -0.50914013, y: 0.00000011920929, z: 1.0449926}
  - {x: -0.36058813, y: 0.00000011920929, z: 1.1366884}
  - {x: -0.18179324, y: 0.00000011920929, z: 1.2119447}
  - {x: -0.2705155, y: 0.00000011920929, z: 1.3566972}
  - {x: -0.5476762, y: 0.00000011920929, z: 1.2462922}
  - {x: -0.8366473, y: 0.00000011920929, z: 1.0511285}
  - {x: -1.0170214, y: 0.00000011920929, z: 0.838627}
  - {x: -1.1964419, y: 0.000000059604645, z: 0.5907574}
  - {x: -1.292496, y: 0.000000029802322, z: 0.30789378}
  - {x: -1.3672106, y: 0.000000007450581, z: 0.063423164}
  - {x: -1.2392809, y: -0.0000000018626451, z: -0.01778412}
  m_Extrude: 0
  m_EditMode: 0
  m_FlipNormals: 0
  isOnGrid: 0
--- !u!33 &5055961917416329990
MeshFilter:
  m_ObjectHideFlags: 0
  m_CorrespondingSourceObject: {fileID: 0}
  m_PrefabInstance: {fileID: 0}
  m_PrefabAsset: {fileID: 0}
  m_GameObject: {fileID: 5055961917416329986}
  m_Mesh: {fileID: 4300000, guid: 456805d0c5ddf6d44b64d429c7f90d85, type: 2}
--- !u!23 &5055961917416329985
MeshRenderer:
  m_ObjectHideFlags: 0
  m_CorrespondingSourceObject: {fileID: 0}
  m_PrefabInstance: {fileID: 0}
  m_PrefabAsset: {fileID: 0}
  m_GameObject: {fileID: 5055961917416329986}
  m_Enabled: 1
  m_CastShadows: 1
  m_ReceiveShadows: 1
  m_DynamicOccludee: 1
  m_MotionVectors: 1
  m_LightProbeUsage: 1
  m_ReflectionProbeUsage: 1
  m_RayTracingMode: 2
  m_RenderingLayerMask: 1
  m_RendererPriority: 0
  m_Materials:
  - {fileID: 2100000, guid: c59de2e2056fd48a081f3bbc18f1a4ac, type: 2}
  m_StaticBatchInfo:
    firstSubMesh: 0
    subMeshCount: 0
  m_StaticBatchRoot: {fileID: 0}
  m_ProbeAnchor: {fileID: 0}
  m_LightProbeVolumeOverride: {fileID: 0}
  m_ScaleInLightmap: 1
  m_ReceiveGI: 1
  m_PreserveUVs: 0
  m_IgnoreNormalsForChartDetection: 0
  m_ImportantGI: 0
  m_StitchLightmapSeams: 0
  m_SelectedEditorRenderState: 3
  m_MinimumChartSize: 4
  m_AutoUVMaxDistance: 0.5
  m_AutoUVMaxAngle: 89
  m_LightmapParameters: {fileID: 0}
  m_SortingLayerID: 0
  m_SortingLayer: 0
  m_SortingOrder: 0
--- !u!1 &5055961917736190631
GameObject:
  m_ObjectHideFlags: 0
  m_CorrespondingSourceObject: {fileID: 0}
  m_PrefabInstance: {fileID: 0}
  m_PrefabAsset: {fileID: 0}
  serializedVersion: 6
  m_Component:
  - component: {fileID: 5055961917736190628}
  m_Layer: 0
  m_Name: Metal Frames
  m_TagString: Untagged
  m_Icon: {fileID: 0}
  m_NavMeshLayer: 0
  m_StaticEditorFlags: 0
  m_IsActive: 1
--- !u!4 &5055961917736190628
Transform:
  m_ObjectHideFlags: 0
  m_CorrespondingSourceObject: {fileID: 0}
  m_PrefabInstance: {fileID: 0}
  m_PrefabAsset: {fileID: 0}
  m_GameObject: {fileID: 5055961917736190631}
  m_LocalRotation: {x: -0, y: -0, z: -0, w: 1}
  m_LocalPosition: {x: -1.4556961, y: -1.0881443, z: 2.7863169}
  m_LocalScale: {x: 1, y: 1, z: 1}
  m_Children:
  - {fileID: 5055961918112524219}
  - {fileID: 1715297305699257254}
  m_Father: {fileID: 5055961917884443739}
  m_RootOrder: 0
  m_LocalEulerAnglesHint: {x: 0, y: 0, z: 0}
--- !u!1 &5055961917836244722
GameObject:
  m_ObjectHideFlags: 0
  m_CorrespondingSourceObject: {fileID: 0}
  m_PrefabInstance: {fileID: 0}
  m_PrefabAsset: {fileID: 0}
  serializedVersion: 6
  m_Component:
  - component: {fileID: 5055961917836244723}
  - component: {fileID: 5055961917836244727}
  - component: {fileID: 5055961917836244726}
  - component: {fileID: 5055961917836244721}
  m_Layer: 0
  m_Name: Text 6
  m_TagString: Untagged
  m_Icon: {fileID: 0}
  m_NavMeshLayer: 0
  m_StaticEditorFlags: 0
  m_IsActive: 1
--- !u!4 &5055961917836244723
Transform:
  m_ObjectHideFlags: 0
  m_CorrespondingSourceObject: {fileID: 0}
  m_PrefabInstance: {fileID: 0}
  m_PrefabAsset: {fileID: 0}
  m_GameObject: {fileID: 5055961917836244722}
  m_LocalRotation: {x: -0, y: 0.7071068, z: -0.7071068, w: 0}
  m_LocalPosition: {x: -3.46, y: 3.37, z: -1.44}
  m_LocalScale: {x: 1, y: 1, z: 1}
  m_Children: []
  m_Father: {fileID: 5055961918034606707}
  m_RootOrder: 1
  m_LocalEulerAnglesHint: {x: 0, y: 0, z: 0}
--- !u!114 &5055961917836244727
MonoBehaviour:
  m_ObjectHideFlags: 0
  m_CorrespondingSourceObject: {fileID: 0}
  m_PrefabInstance: {fileID: 0}
  m_PrefabAsset: {fileID: 0}
  m_GameObject: {fileID: 5055961917836244722}
  m_Enabled: 1
  m_EditorHideFlags: 0
  m_Script: {fileID: 11500000, guid: bb977b126bc1b4f15813dcf9da9bb600, type: 3}
  m_Name: 
  m_EditorClassIdentifier: 
  m_Points:
  - {x: -0.008224489, y: -0.0000000018626451, z: -0.019063951}
  - {x: -0.006980898, y: 0.000000014901161, z: 0.14950754}
  - {x: -0.47576916, y: 0.000000014901161, z: 0.15262605}
  - {x: -0.4505235, y: 0.000000029802322, z: 0.26978305}
  - {x: -0.36453253, y: 0.000000059604645, z: 0.50213057}
  - {x: -0.21458441, y: 0.00000011920929, z: 0.75244725}
  - {x: -0.04140473, y: 0.00000011920929, z: 0.94801915}
  - {x: 0.055336013, y: 0.00000011920929, z: 1.0439454}
  - {x: -0.07859041, y: 0.00000011920929, z: 1.165003}
  - {x: -0.20750433, y: 0.00000011920929, z: 1.0606462}
  - {x: -0.38584912, y: 0.00000011920929, z: 0.8473073}
  - {x: -0.47498333, y: 0.000000059604645, z: 0.706852}
  - {x: -0.5482408, y: 0.000000059604645, z: 0.5470124}
  - {x: -0.59736645, y: 0.000000059604645, z: 0.40008742}
  - {x: -0.6587602, y: 0.000000014901161, z: 0.16406824}
  - {x: -1.1725771, y: 0.000000014901161, z: 0.15942957}
  - {x: -1.1617968, y: 0.000000029802322, z: 0.35800746}
  - {x: -1.1389697, y: 0.000000059604645, z: 0.6400052}
  - {x: -1.1074145, y: 0.00000011920929, z: 0.8030206}
  - {x: -1.0589297, y: 0.00000011920929, z: 0.9175931}
  - {x: -1.0060732, y: 0.00000011920929, z: 0.9747087}
  - {x: -0.88043237, y: 0.00000011920929, z: 0.98103344}
  - {x: -0.6350328, y: 0.00000011920929, z: 0.94859517}
  - {x: -0.6332017, y: 0.00000011920929, z: 1.1217252}
  - {x: -0.7784426, y: 0.00000011920929, z: 1.149294}
  - {x: -1.0022204, y: 0.00000011920929, z: 1.1534711}
  - {x: -1.137253, y: 0.00000011920929, z: 1.1057626}
  - {x: -1.2470095, y: 0.00000011920929, z: 0.94508755}
  - {x: -1.2988589, y: 0.00000011920929, z: 0.78052914}
  - {x: -1.3248446, y: 0.000000059604645, z: 0.53986174}
  - {x: -1.338196, y: 0.000000029802322, z: 0.27450374}
  - {x: -1.3588717, y: -0.0000000018626451, z: -0.014276506}
  - {x: -0.7148973, y: -4.656613e-10, z: -0.0033817296}
  - {x: -0.7412187, y: -0.000000059604645, z: -0.38244253}
  - {x: -0.56076825, y: -0.000000059604645, z: -0.39900023}
  - {x: -0.5350038, y: -0.000000029802322, z: -0.19041255}
  - {x: -0.50955975, y: -0.0000000037252903, z: -0.029348377}
  m_Extrude: 0
  m_EditMode: 0
  m_FlipNormals: 0
  isOnGrid: 0
--- !u!33 &5055961917836244726
MeshFilter:
  m_ObjectHideFlags: 0
  m_CorrespondingSourceObject: {fileID: 0}
  m_PrefabInstance: {fileID: 0}
  m_PrefabAsset: {fileID: 0}
  m_GameObject: {fileID: 5055961917836244722}
  m_Mesh: {fileID: 4300000, guid: 819cb38ec0eb342469fd9f4b1df229a2, type: 2}
--- !u!23 &5055961917836244721
MeshRenderer:
  m_ObjectHideFlags: 0
  m_CorrespondingSourceObject: {fileID: 0}
  m_PrefabInstance: {fileID: 0}
  m_PrefabAsset: {fileID: 0}
  m_GameObject: {fileID: 5055961917836244722}
  m_Enabled: 1
  m_CastShadows: 1
  m_ReceiveShadows: 1
  m_DynamicOccludee: 1
  m_MotionVectors: 1
  m_LightProbeUsage: 1
  m_ReflectionProbeUsage: 1
  m_RayTracingMode: 2
  m_RenderingLayerMask: 1
  m_RendererPriority: 0
  m_Materials:
  - {fileID: 2100000, guid: c59de2e2056fd48a081f3bbc18f1a4ac, type: 2}
  m_StaticBatchInfo:
    firstSubMesh: 0
    subMeshCount: 0
  m_StaticBatchRoot: {fileID: 0}
  m_ProbeAnchor: {fileID: 0}
  m_LightProbeVolumeOverride: {fileID: 0}
  m_ScaleInLightmap: 1
  m_ReceiveGI: 1
  m_PreserveUVs: 0
  m_IgnoreNormalsForChartDetection: 0
  m_ImportantGI: 0
  m_StitchLightmapSeams: 0
  m_SelectedEditorRenderState: 3
  m_MinimumChartSize: 4
  m_AutoUVMaxDistance: 0.5
  m_AutoUVMaxAngle: 89
  m_LightmapParameters: {fileID: 0}
  m_SortingLayerID: 0
  m_SortingLayer: 0
  m_SortingOrder: 0
--- !u!1 &5055961917846160145
GameObject:
  m_ObjectHideFlags: 0
  m_CorrespondingSourceObject: {fileID: 0}
  m_PrefabInstance: {fileID: 0}
  m_PrefabAsset: {fileID: 0}
  serializedVersion: 6
  m_Component:
  - component: {fileID: 5055961917846160150}
  - component: {fileID: 5055961917846160154}
  - component: {fileID: 5055961917846160149}
  - component: {fileID: 5055961917846160148}
  m_Layer: 0
  m_Name: Text 2
  m_TagString: Untagged
  m_Icon: {fileID: 0}
  m_NavMeshLayer: 0
  m_StaticEditorFlags: 0
  m_IsActive: 1
--- !u!4 &5055961917846160150
Transform:
  m_ObjectHideFlags: 0
  m_CorrespondingSourceObject: {fileID: 0}
  m_PrefabInstance: {fileID: 0}
  m_PrefabAsset: {fileID: 0}
  m_GameObject: {fileID: 5055961917846160145}
  m_LocalRotation: {x: -0, y: -0, z: -0, w: 1}
  m_LocalPosition: {x: -0.1957627, y: 0, z: 0.31502154}
  m_LocalScale: {x: 1, y: 1, z: 1}
  m_Children: []
  m_Father: {fileID: 5055961919239388601}
  m_RootOrder: 0
  m_LocalEulerAnglesHint: {x: 0, y: 0, z: 0}
--- !u!114 &5055961917846160154
MonoBehaviour:
  m_ObjectHideFlags: 0
  m_CorrespondingSourceObject: {fileID: 0}
  m_PrefabInstance: {fileID: 0}
  m_PrefabAsset: {fileID: 0}
  m_GameObject: {fileID: 5055961917846160145}
  m_Enabled: 1
  m_EditorHideFlags: 0
  m_Script: {fileID: 11500000, guid: bb977b126bc1b4f15813dcf9da9bb600, type: 3}
  m_Name: 
  m_EditorClassIdentifier: 
  m_Points:
  - {x: 0, y: 0, z: 0}
  - {x: -0.00051116955, y: 0.000000014901161, z: 0.14118959}
  - {x: -0.3599854, y: 0.000000014901161, z: 0.14934923}
  - {x: -0.3593064, y: 0.000000029802322, z: 0.29014972}
  - {x: -0.5360261, y: 0.000000029802322, z: 0.3015652}
  - {x: -0.5324403, y: 0.000000014901161, z: 0.16329767}
  - {x: -0.9116671, y: 0.000000014901161, z: 0.1520672}
  - {x: -0.89926934, y: -2.3283064e-10, z: -0.0021667483}
  - {x: -0.53533185, y: -2.3283064e-10, z: -0.0025825503}
  - {x: -0.5382768, y: -0.000000014901161, z: -0.15369989}
  - {x: -0.3710938, y: -0.000000014901161, z: -0.16281702}
  - {x: -0.37049872, y: -0.0000000018626451, z: -0.01887131}
  m_Extrude: 0
  m_EditMode: 0
  m_FlipNormals: 0
  isOnGrid: 0
--- !u!33 &5055961917846160149
MeshFilter:
  m_ObjectHideFlags: 0
  m_CorrespondingSourceObject: {fileID: 0}
  m_PrefabInstance: {fileID: 0}
  m_PrefabAsset: {fileID: 0}
  m_GameObject: {fileID: 5055961917846160145}
  m_Mesh: {fileID: 4300000, guid: bcc146ccdb280404b8559dc48ac15267, type: 2}
--- !u!23 &5055961917846160148
MeshRenderer:
  m_ObjectHideFlags: 0
  m_CorrespondingSourceObject: {fileID: 0}
  m_PrefabInstance: {fileID: 0}
  m_PrefabAsset: {fileID: 0}
  m_GameObject: {fileID: 5055961917846160145}
  m_Enabled: 1
  m_CastShadows: 1
  m_ReceiveShadows: 1
  m_DynamicOccludee: 1
  m_MotionVectors: 1
  m_LightProbeUsage: 1
  m_ReflectionProbeUsage: 1
  m_RayTracingMode: 2
  m_RenderingLayerMask: 1
  m_RendererPriority: 0
  m_Materials:
  - {fileID: 2100000, guid: c59de2e2056fd48a081f3bbc18f1a4ac, type: 2}
  m_StaticBatchInfo:
    firstSubMesh: 0
    subMeshCount: 0
  m_StaticBatchRoot: {fileID: 0}
  m_ProbeAnchor: {fileID: 0}
  m_LightProbeVolumeOverride: {fileID: 0}
  m_ScaleInLightmap: 1
  m_ReceiveGI: 1
  m_PreserveUVs: 0
  m_IgnoreNormalsForChartDetection: 0
  m_ImportantGI: 0
  m_StitchLightmapSeams: 0
  m_SelectedEditorRenderState: 3
  m_MinimumChartSize: 4
  m_AutoUVMaxDistance: 0.5
  m_AutoUVMaxAngle: 89
  m_LightmapParameters: {fileID: 0}
  m_SortingLayerID: 0
  m_SortingLayer: 0
  m_SortingOrder: 0
--- !u!1 &5055961917884443733
GameObject:
  m_ObjectHideFlags: 0
  m_CorrespondingSourceObject: {fileID: 0}
  m_PrefabInstance: {fileID: 0}
  m_PrefabAsset: {fileID: 0}
  serializedVersion: 6
  m_Component:
  - component: {fileID: 5055961917884443739}
  - component: {fileID: 5055961917884443738}
  - component: {fileID: -5968199510910688525}
  - component: {fileID: 5775739905682495796}
  m_Layer: 11
  m_Name: Neon Sign (Oni Cafe 2)
  m_TagString: NoclipPlatform
  m_Icon: {fileID: 0}
  m_NavMeshLayer: 0
  m_StaticEditorFlags: 0
  m_IsActive: 1
--- !u!4 &5055961917884443739
Transform:
  m_ObjectHideFlags: 0
  m_CorrespondingSourceObject: {fileID: 0}
  m_PrefabInstance: {fileID: 0}
  m_PrefabAsset: {fileID: 0}
  m_GameObject: {fileID: 5055961917884443733}
  m_LocalRotation: {x: 0, y: 0, z: 0, w: 1}
  m_LocalPosition: {x: 88.36248, y: 18.400177, z: 1.0047579}
  m_LocalScale: {x: 1, y: 1, z: 1}
  m_Children:
  - {fileID: 5055961917736190628}
  - {fileID: 5055961918034606707}
  - {fileID: 5055961918670457380}
  - {fileID: 4458609951305536024}
  m_Father: {fileID: 0}
  m_RootOrder: 0
  m_LocalEulerAnglesHint: {x: 0, y: 0, z: 0}
--- !u!65 &5055961917884443738
BoxCollider:
  m_ObjectHideFlags: 0
  m_CorrespondingSourceObject: {fileID: 0}
  m_PrefabInstance: {fileID: 0}
  m_PrefabAsset: {fileID: 0}
  m_GameObject: {fileID: 5055961917884443733}
  m_Material: {fileID: 0}
  m_IsTrigger: 0
  m_Enabled: 1
  serializedVersion: 2
  m_Size: {x: 8, y: 2, z: 0.3}
  m_Center: {x: -2.17, y: 2.99, z: -1.5}
--- !u!114 &-5968199510910688525
MonoBehaviour:
  m_ObjectHideFlags: 0
  m_CorrespondingSourceObject: {fileID: 0}
  m_PrefabInstance: {fileID: 0}
  m_PrefabAsset: {fileID: 0}
  m_GameObject: {fileID: 5055961917884443733}
  m_Enabled: 1
  m_EditorHideFlags: 0
  m_Script: {fileID: 11500000, guid: 4fc475a4823031b4698bd74089767e16, type: 3}
  m_Name: 
  m_EditorClassIdentifier: 
--- !u!205 &5775739905682495796
LODGroup:
  m_ObjectHideFlags: 0
  m_CorrespondingSourceObject: {fileID: 0}
  m_PrefabInstance: {fileID: 0}
  m_PrefabAsset: {fileID: 0}
  m_GameObject: {fileID: 5055961917884443733}
  serializedVersion: 2
  m_LocalReferencePoint: {x: -2.0995264, y: 3.0518756, z: -1.414772}
  m_Size: 6.9235573
  m_FadeMode: 1
  m_AnimateCrossFading: 1
  m_LastLODIsBillboard: 0
  m_LODs:
  - screenRelativeHeight: 0.052212235
    fadeTransitionWidth: 0
    renderers:
    - renderer: {fileID: 5055961918112524217}
    - renderer: {fileID: 4848344466892016366}
    - renderer: {fileID: 5055961919239388607}
    - renderer: {fileID: 5055961917846160148}
    - renderer: {fileID: 5055961919459520237}
    - renderer: {fileID: 5055961918150803134}
    - renderer: {fileID: 5055961918984409849}
    - renderer: {fileID: 5055961917836244721}
    - renderer: {fileID: 5055961917416329985}
    - renderer: {fileID: 5055961919052443911}
  m_Enabled: 1
--- !u!1 &5055961918034606706
GameObject:
  m_ObjectHideFlags: 0
  m_CorrespondingSourceObject: {fileID: 0}
  m_PrefabInstance: {fileID: 0}
  m_PrefabAsset: {fileID: 0}
  serializedVersion: 6
  m_Component:
  - component: {fileID: 5055961918034606707}
  m_Layer: 11
  m_Name: Text
  m_TagString: Untagged
  m_Icon: {fileID: 0}
  m_NavMeshLayer: 0
  m_StaticEditorFlags: 0
  m_IsActive: 1
--- !u!4 &5055961918034606707
Transform:
  m_ObjectHideFlags: 0
  m_CorrespondingSourceObject: {fileID: 0}
  m_PrefabInstance: {fileID: 0}
  m_PrefabAsset: {fileID: 0}
  m_GameObject: {fileID: 5055961918034606706}
  m_LocalRotation: {x: 0, y: 0, z: 0, w: 1}
  m_LocalPosition: {x: 0, y: 0, z: 0}
  m_LocalScale: {x: 1, y: 1, z: 1}
  m_Children:
  - {fileID: 5055961919239388601}
  - {fileID: 5055961917836244723}
  - {fileID: 5055961917416329987}
  - {fileID: 5055961919052443905}
  m_Father: {fileID: 5055961917884443739}
  m_RootOrder: 1
  m_LocalEulerAnglesHint: {x: 0, y: 0, z: 0}
--- !u!1 &5055961918112524218
GameObject:
  m_ObjectHideFlags: 0
  m_CorrespondingSourceObject: {fileID: 0}
  m_PrefabInstance: {fileID: 0}
  m_PrefabAsset: {fileID: 0}
  serializedVersion: 6
  m_Component:
  - component: {fileID: 5055961918112524219}
  - component: {fileID: 5055961918112524222}
  - component: {fileID: 5055961918112524217}
  m_Layer: 0
  m_Name: Top 1
  m_TagString: Untagged
  m_Icon: {fileID: 0}
  m_NavMeshLayer: 0
  m_StaticEditorFlags: 0
  m_IsActive: 1
--- !u!4 &5055961918112524219
Transform:
  m_ObjectHideFlags: 0
  m_CorrespondingSourceObject: {fileID: 0}
  m_PrefabInstance: {fileID: 0}
  m_PrefabAsset: {fileID: 0}
  m_GameObject: {fileID: 5055961918112524218}
  m_LocalRotation: {x: 0.5, y: 0.5, z: -0.5, w: 0.5}
  m_LocalPosition: {x: -0.16, y: 4.2, z: -4.18}
  m_LocalScale: {x: 0.5, y: 1, z: 0.5}
  m_Children: []
  m_Father: {fileID: 5055961917736190628}
  m_RootOrder: 0
  m_LocalEulerAnglesHint: {x: 90, y: 90, z: 0}
--- !u!33 &5055961918112524222
MeshFilter:
  m_ObjectHideFlags: 0
  m_CorrespondingSourceObject: {fileID: 0}
  m_PrefabInstance: {fileID: 0}
  m_PrefabAsset: {fileID: 0}
  m_GameObject: {fileID: 5055961918112524218}
  m_Mesh: {fileID: 4300000, guid: 0d15a5f437e6e27479fdcb3ece7117a0, type: 2}
--- !u!23 &5055961918112524217
MeshRenderer:
  m_ObjectHideFlags: 0
  m_CorrespondingSourceObject: {fileID: 0}
  m_PrefabInstance: {fileID: 0}
  m_PrefabAsset: {fileID: 0}
  m_GameObject: {fileID: 5055961918112524218}
  m_Enabled: 1
  m_CastShadows: 1
  m_ReceiveShadows: 1
  m_DynamicOccludee: 1
  m_MotionVectors: 1
  m_LightProbeUsage: 1
  m_ReflectionProbeUsage: 1
  m_RayTracingMode: 2
  m_RenderingLayerMask: 1
  m_RendererPriority: 0
  m_Materials:
  - {fileID: 2100000, guid: cdffcea329e284dfda86aa7a4643be72, type: 2}
  m_StaticBatchInfo:
    firstSubMesh: 0
    subMeshCount: 0
  m_StaticBatchRoot: {fileID: 0}
  m_ProbeAnchor: {fileID: 0}
  m_LightProbeVolumeOverride: {fileID: 0}
  m_ScaleInLightmap: 1
  m_ReceiveGI: 1
  m_PreserveUVs: 0
  m_IgnoreNormalsForChartDetection: 0
  m_ImportantGI: 0
  m_StitchLightmapSeams: 0
  m_SelectedEditorRenderState: 3
  m_MinimumChartSize: 4
  m_AutoUVMaxDistance: 0.5
  m_AutoUVMaxAngle: 89
  m_LightmapParameters: {fileID: 0}
  m_SortingLayerID: 0
  m_SortingLayer: 0
  m_SortingOrder: 0
--- !u!1 &5055961918150803131
GameObject:
  m_ObjectHideFlags: 0
  m_CorrespondingSourceObject: {fileID: 0}
  m_PrefabInstance: {fileID: 0}
  m_PrefabAsset: {fileID: 0}
  serializedVersion: 6
  m_Component:
  - component: {fileID: 5055961918150803128}
  - component: {fileID: 5055961918150803132}
  - component: {fileID: 5055961918150803135}
  - component: {fileID: 5055961918150803134}
  m_Layer: 0
  m_Name: Text 4
  m_TagString: Untagged
  m_Icon: {fileID: 0}
  m_NavMeshLayer: 0
  m_StaticEditorFlags: 0
  m_IsActive: 1
--- !u!4 &5055961918150803128
Transform:
  m_ObjectHideFlags: 0
  m_CorrespondingSourceObject: {fileID: 0}
  m_PrefabInstance: {fileID: 0}
  m_PrefabAsset: {fileID: 0}
  m_GameObject: {fileID: 5055961918150803131}
  m_LocalRotation: {x: -0, y: -0, z: -0, w: 1}
  m_LocalPosition: {x: -0.29663855, y: 0, z: 0.8007394}
  m_LocalScale: {x: 1, y: 1, z: 1}
  m_Children: []
  m_Father: {fileID: 5055961919239388601}
  m_RootOrder: 2
  m_LocalEulerAnglesHint: {x: 0, y: 0, z: 0}
--- !u!114 &5055961918150803132
MonoBehaviour:
  m_ObjectHideFlags: 0
  m_CorrespondingSourceObject: {fileID: 0}
  m_PrefabInstance: {fileID: 0}
  m_PrefabAsset: {fileID: 0}
  m_GameObject: {fileID: 5055961918150803131}
  m_Enabled: 1
  m_EditorHideFlags: 0
  m_Script: {fileID: 11500000, guid: bb977b126bc1b4f15813dcf9da9bb600, type: 3}
  m_Name: 
  m_EditorClassIdentifier: 
  m_Points:
  - {x: 0, y: 0, z: 0}
  - {x: -0.20513922, y: -5.820766e-11, z: -0.00059127813}
  - {x: -0.16137698, y: 0.000000014901161, z: 0.16314699}
  - {x: -0.090354934, y: 0.000000029802322, z: 0.36207584}
  - {x: -0.012886051, y: 0.000000059604645, z: 0.483738}
  - {x: 0.100746185, y: 0.000000059604645, z: 0.5842305}
  - {x: 0.26039892, y: 0.000000059604645, z: 0.66969496}
  - {x: 0.40534222, y: 0.000000059604645, z: 0.7067929}
  - {x: 0.4918443, y: 0.000000059604645, z: 0.56296545}
  - {x: 0.28247076, y: 0.000000059604645, z: 0.49674612}
  - {x: 0.1565018, y: 0.000000059604645, z: 0.4076367}
  - {x: 0.06964113, y: 0.000000029802322, z: 0.29399493}
  - {x: 0.02492524, y: 0.000000014901161, z: 0.14647676}
  m_Extrude: 0
  m_EditMode: 0
  m_FlipNormals: 0
  isOnGrid: 0
--- !u!33 &5055961918150803135
MeshFilter:
  m_ObjectHideFlags: 0
  m_CorrespondingSourceObject: {fileID: 0}
  m_PrefabInstance: {fileID: 0}
  m_PrefabAsset: {fileID: 0}
  m_GameObject: {fileID: 5055961918150803131}
  m_Mesh: {fileID: 4300000, guid: 6e229edb753734447a16b3aa283b1638, type: 2}
--- !u!23 &5055961918150803134
MeshRenderer:
  m_ObjectHideFlags: 0
  m_CorrespondingSourceObject: {fileID: 0}
  m_PrefabInstance: {fileID: 0}
  m_PrefabAsset: {fileID: 0}
  m_GameObject: {fileID: 5055961918150803131}
  m_Enabled: 1
  m_CastShadows: 1
  m_ReceiveShadows: 1
  m_DynamicOccludee: 1
  m_MotionVectors: 1
  m_LightProbeUsage: 1
  m_ReflectionProbeUsage: 1
  m_RayTracingMode: 2
  m_RenderingLayerMask: 1
  m_RendererPriority: 0
  m_Materials:
  - {fileID: 2100000, guid: c59de2e2056fd48a081f3bbc18f1a4ac, type: 2}
  m_StaticBatchInfo:
    firstSubMesh: 0
    subMeshCount: 0
  m_StaticBatchRoot: {fileID: 0}
  m_ProbeAnchor: {fileID: 0}
  m_LightProbeVolumeOverride: {fileID: 0}
  m_ScaleInLightmap: 1
  m_ReceiveGI: 1
  m_PreserveUVs: 0
  m_IgnoreNormalsForChartDetection: 0
  m_ImportantGI: 0
  m_StitchLightmapSeams: 0
  m_SelectedEditorRenderState: 3
  m_MinimumChartSize: 4
  m_AutoUVMaxDistance: 0.5
  m_AutoUVMaxAngle: 89
  m_LightmapParameters: {fileID: 0}
  m_SortingLayerID: 0
  m_SortingLayer: 0
  m_SortingOrder: 0
--- !u!1 &5055961918670457383
GameObject:
  m_ObjectHideFlags: 0
  m_CorrespondingSourceObject: {fileID: 0}
  m_PrefabInstance: {fileID: 0}
  m_PrefabAsset: {fileID: 0}
  serializedVersion: 6
  m_Component:
  - component: {fileID: 5055961918670457380}
  - component: {fileID: 5055961918670457381}
  - component: {fileID: 4718971854078493749}
  m_Layer: 0
  m_Name: Point Light
  m_TagString: Untagged
  m_Icon: {fileID: 0}
  m_NavMeshLayer: 0
  m_StaticEditorFlags: 0
  m_IsActive: 1
--- !u!4 &5055961918670457380
Transform:
  m_ObjectHideFlags: 0
  m_CorrespondingSourceObject: {fileID: 0}
  m_PrefabInstance: {fileID: 0}
  m_PrefabAsset: {fileID: 0}
  m_GameObject: {fileID: 5055961918670457383}
  m_LocalRotation: {x: -0, y: 1, z: -0, w: 0}
  m_LocalPosition: {x: -1.86, y: 2.65, z: -2.19}
  m_LocalScale: {x: 0.7, y: 0.7, z: 0.7}
  m_Children: []
  m_Father: {fileID: 5055961917884443739}
  m_RootOrder: 2
  m_LocalEulerAnglesHint: {x: 0, y: 0, z: 0}
--- !u!108 &5055961918670457381
Light:
  m_ObjectHideFlags: 0
  m_CorrespondingSourceObject: {fileID: 0}
  m_PrefabInstance: {fileID: 0}
  m_PrefabAsset: {fileID: 0}
  m_GameObject: {fileID: 5055961918670457383}
  m_Enabled: 1
  serializedVersion: 10
  m_Type: 2
  m_Shape: 0
  m_Color: {r: 0.8862745, g: 0.027450966, b: 0.082305215, a: 1}
  m_Intensity: 1
  m_Range: 25
  m_SpotAngle: 30
  m_InnerSpotAngle: 21.80208
  m_CookieSize: 10
  m_Shadows:
    m_Type: 0
    m_Resolution: -1
    m_CustomResolution: -1
    m_Strength: 1
    m_Bias: 0.05
    m_NormalBias: 0.4
    m_NearPlane: 0.2
    m_CullingMatrixOverride:
      e00: 1
      e01: 0
      e02: 0
      e03: 0
      e10: 0
      e11: 1
      e12: 0
      e13: 0
      e20: 0
      e21: 0
      e22: 1
      e23: 0
      e30: 0
      e31: 0
      e32: 0
      e33: 1
    m_UseCullingMatrixOverride: 0
  m_Cookie: {fileID: 0}
  m_DrawHalo: 0
  m_Flare: {fileID: 0}
  m_RenderMode: 0
  m_CullingMask:
    serializedVersion: 2
    m_Bits: 4294967295
  m_RenderingLayerMask: 1
  m_Lightmapping: 4
  m_LightShadowCasterMode: 0
  m_AreaSize: {x: 1, y: 1}
  m_BounceIntensity: 1
  m_ColorTemperature: 6570
  m_UseColorTemperature: 0
  m_BoundingSphereOverride: {x: 0, y: 0, z: 0, w: 0}
  m_UseBoundingSphereOverride: 0
  m_ShadowRadius: 0
  m_ShadowAngle: 0
--- !u!114 &4718971854078493749
MonoBehaviour:
  m_ObjectHideFlags: 0
  m_CorrespondingSourceObject: {fileID: 0}
  m_PrefabInstance: {fileID: 0}
  m_PrefabAsset: {fileID: 0}
  m_GameObject: {fileID: 5055961918670457383}
  m_Enabled: 1
  m_EditorHideFlags: 0
  m_Script: {fileID: 11500000, guid: 726293212987ef74e893004f87d58e66, type: 3}
  m_Name: 
  m_EditorClassIdentifier: 
  light: {fileID: 5055961918670457381}
  volumetricLight: {fileID: 0}
--- !u!1 &5055961918984409850
GameObject:
  m_ObjectHideFlags: 0
  m_CorrespondingSourceObject: {fileID: 0}
  m_PrefabInstance: {fileID: 0}
  m_PrefabAsset: {fileID: 0}
  serializedVersion: 6
  m_Component:
  - component: {fileID: 5055961918984409851}
  - component: {fileID: 5055961918984409855}
  - component: {fileID: 5055961918984409854}
  - component: {fileID: 5055961918984409849}
  m_Layer: 0
  m_Name: Text 5
  m_TagString: Untagged
  m_Icon: {fileID: 0}
  m_NavMeshLayer: 0
  m_StaticEditorFlags: 0
  m_IsActive: 1
--- !u!4 &5055961918984409851
Transform:
  m_ObjectHideFlags: 0
  m_CorrespondingSourceObject: {fileID: 0}
  m_PrefabInstance: {fileID: 0}
  m_PrefabAsset: {fileID: 0}
  m_GameObject: {fileID: 5055961918984409850}
  m_LocalRotation: {x: -0, y: -0, z: -0, w: 1}
  m_LocalPosition: {x: -0.675995, y: 0, z: 0.7957593}
  m_LocalScale: {x: 1, y: 1, z: 1}
  m_Children: []
  m_Father: {fileID: 5055961919239388601}
  m_RootOrder: 3
  m_LocalEulerAnglesHint: {x: 0, y: 0, z: 0}
--- !u!114 &5055961918984409855
MonoBehaviour:
  m_ObjectHideFlags: 0
  m_CorrespondingSourceObject: {fileID: 0}
  m_PrefabInstance: {fileID: 0}
  m_PrefabAsset: {fileID: 0}
  m_GameObject: {fileID: 5055961918984409850}
  m_Enabled: 1
  m_EditorHideFlags: 0
  m_Script: {fileID: 11500000, guid: bb977b126bc1b4f15813dcf9da9bb600, type: 3}
  m_Name: 
  m_EditorClassIdentifier: 
  m_Points:
  - {x: -0.00003814698, y: 9.313226e-10, z: 0.006702424}
  - {x: -0.006637575, y: 0.000000059604645, z: 0.5644551}
  - {x: -0.07451631, y: 0.000000059604645, z: 0.66810995}
  - {x: -0.14942935, y: 0.000000059604645, z: 0.69154555}
  - {x: -0.41710675, y: 0.000000059604645, z: 0.69606024}
  - {x: -0.71561444, y: 0.000000059604645, z: 0.6763745}
  - {x: -0.7839663, y: 0.000000059604645, z: 0.61399084}
  - {x: -0.8296435, y: 0.000000059604645, z: 0.38859373}
  - {x: -0.7000047, y: 0.000000029802322, z: 0.34022525}
  - {x: -0.66856396, y: 0.000000059604645, z: 0.46921927}
  - {x: -0.6111375, y: 0.000000059604645, z: 0.5312901}
  - {x: -0.42839062, y: 0.000000059604645, z: 0.53711325}
  - {x: -0.19252783, y: 0.000000059604645, z: 0.520443}
  - {x: -0.17850497, y: 0.000000059604645, z: 0.43995863}
  - {x: -0.5392686, y: 0.000000059604645, z: 0.39258963}
  - {x: -0.59207165, y: 0.000000059604645, z: 0.44985777}
  - {x: -0.6612779, y: 0.000000029802322, z: 0.31507686}
  - {x: -0.55391705, y: 0.000000014901161, z: 0.10607149}
  - {x: -0.44281018, y: 0.000000014901161, z: 0.1556244}
  - {x: -0.4955293, y: 0.000000029802322, z: 0.2597256}
  - {x: -0.36655432, y: 0.000000029802322, z: 0.2710133}
  - {x: -0.45082867, y: 0.0000000037252903, z: 0.033056263}
  - {x: -0.33938605, y: 1.1641532e-10, z: 0.0010795594}
  - {x: -0.2178269, y: 0.000000029802322, z: 0.28528026}
  - {x: -0.16734317, y: 0.000000029802322, z: 0.28426555}
  - {x: -0.16905215, y: 0.0000000018626451, z: 0.012317659}
  m_Extrude: 0
  m_EditMode: 0
  m_FlipNormals: 0
  isOnGrid: 0
--- !u!33 &5055961918984409854
MeshFilter:
  m_ObjectHideFlags: 0
  m_CorrespondingSourceObject: {fileID: 0}
  m_PrefabInstance: {fileID: 0}
  m_PrefabAsset: {fileID: 0}
  m_GameObject: {fileID: 5055961918984409850}
  m_Mesh: {fileID: 4300000, guid: 914ff4f4dbf47874ba213357dc31c36e, type: 2}
--- !u!23 &5055961918984409849
MeshRenderer:
  m_ObjectHideFlags: 0
  m_CorrespondingSourceObject: {fileID: 0}
  m_PrefabInstance: {fileID: 0}
  m_PrefabAsset: {fileID: 0}
  m_GameObject: {fileID: 5055961918984409850}
  m_Enabled: 1
  m_CastShadows: 1
  m_ReceiveShadows: 1
  m_DynamicOccludee: 1
  m_MotionVectors: 1
  m_LightProbeUsage: 1
  m_ReflectionProbeUsage: 1
  m_RayTracingMode: 2
  m_RenderingLayerMask: 1
  m_RendererPriority: 0
  m_Materials:
  - {fileID: 2100000, guid: c59de2e2056fd48a081f3bbc18f1a4ac, type: 2}
  m_StaticBatchInfo:
    firstSubMesh: 0
    subMeshCount: 0
  m_StaticBatchRoot: {fileID: 0}
  m_ProbeAnchor: {fileID: 0}
  m_LightProbeVolumeOverride: {fileID: 0}
  m_ScaleInLightmap: 1
  m_ReceiveGI: 1
  m_PreserveUVs: 0
  m_IgnoreNormalsForChartDetection: 0
  m_ImportantGI: 0
  m_StitchLightmapSeams: 0
  m_SelectedEditorRenderState: 3
  m_MinimumChartSize: 4
  m_AutoUVMaxDistance: 0.5
  m_AutoUVMaxAngle: 89
  m_LightmapParameters: {fileID: 0}
  m_SortingLayerID: 0
  m_SortingLayer: 0
  m_SortingOrder: 0
--- !u!1 &5055961919052443904
GameObject:
  m_ObjectHideFlags: 0
  m_CorrespondingSourceObject: {fileID: 0}
  m_PrefabInstance: {fileID: 0}
  m_PrefabAsset: {fileID: 0}
  serializedVersion: 6
  m_Component:
  - component: {fileID: 5055961919052443905}
  - component: {fileID: 5055961919052443909}
  - component: {fileID: 5055961919052443908}
  - component: {fileID: 5055961919052443911}
  m_Layer: 0
  m_Name: Text 8
  m_TagString: Untagged
  m_Icon: {fileID: 0}
  m_NavMeshLayer: 0
  m_StaticEditorFlags: 0
  m_IsActive: 1
--- !u!4 &5055961919052443905
Transform:
  m_ObjectHideFlags: 0
  m_CorrespondingSourceObject: {fileID: 0}
  m_PrefabInstance: {fileID: 0}
  m_PrefabAsset: {fileID: 0}
  m_GameObject: {fileID: 5055961919052443904}
  m_LocalRotation: {x: -0, y: 0.7071068, z: -0.7071068, w: 0}
  m_LocalPosition: {x: 0.25, y: 3.18, z: -1.44}
  m_LocalScale: {x: 1, y: 1, z: 1}
  m_Children: []
  m_Father: {fileID: 5055961918034606707}
  m_RootOrder: 3
  m_LocalEulerAnglesHint: {x: 0, y: 0, z: 0}
--- !u!114 &5055961919052443909
MonoBehaviour:
  m_ObjectHideFlags: 0
  m_CorrespondingSourceObject: {fileID: 0}
  m_PrefabInstance: {fileID: 0}
  m_PrefabAsset: {fileID: 0}
  m_GameObject: {fileID: 5055961919052443904}
  m_Enabled: 1
  m_EditorHideFlags: 0
  m_Script: {fileID: 11500000, guid: bb977b126bc1b4f15813dcf9da9bb600, type: 3}
  m_Name: 
  m_EditorClassIdentifier: 
  m_Points:
  - {x: 0, y: 0, z: 0}
  - {x: -0.0016632085, y: 0.000000014901161, z: 0.13672449}
  - {x: -0.40962994, y: 0.000000014901161, z: 0.14309217}
  - {x: -0.4108888, y: 0.00000011920929, z: 0.75177586}
  - {x: 0.103256255, y: 0.00000011920929, z: 0.76187813}
  - {x: 0.09664157, y: 0.00000011920929, z: 0.9089366}
  - {x: -1.1014941, y: 0.00000011920929, z: 0.90392125}
  - {x: -1.1122515, y: 0.000000059604645, z: 0.7490693}
  - {x: -0.5877, y: 0.000000059604645, z: 0.73744494}
  - {x: -0.58905804, y: 0.000000014901161, z: 0.13824274}
  - {x: -1.0153582, y: 0.000000014901161, z: 0.13398363}
  - {x: -1.0100634, y: -0.0000000018626451, z: -0.020789148}
  m_Extrude: 0
  m_EditMode: 0
  m_FlipNormals: 0
  isOnGrid: 0
--- !u!33 &5055961919052443908
MeshFilter:
  m_ObjectHideFlags: 0
  m_CorrespondingSourceObject: {fileID: 0}
  m_PrefabInstance: {fileID: 0}
  m_PrefabAsset: {fileID: 0}
  m_GameObject: {fileID: 5055961919052443904}
  m_Mesh: {fileID: 4300000, guid: 1ae9101268670fe4d80d3dc850d4742a, type: 2}
--- !u!23 &5055961919052443911
MeshRenderer:
  m_ObjectHideFlags: 0
  m_CorrespondingSourceObject: {fileID: 0}
  m_PrefabInstance: {fileID: 0}
  m_PrefabAsset: {fileID: 0}
  m_GameObject: {fileID: 5055961919052443904}
  m_Enabled: 1
  m_CastShadows: 1
  m_ReceiveShadows: 1
  m_DynamicOccludee: 1
  m_MotionVectors: 1
  m_LightProbeUsage: 1
  m_ReflectionProbeUsage: 1
  m_RayTracingMode: 2
  m_RenderingLayerMask: 1
  m_RendererPriority: 0
  m_Materials:
  - {fileID: 2100000, guid: c59de2e2056fd48a081f3bbc18f1a4ac, type: 2}
  m_StaticBatchInfo:
    firstSubMesh: 0
    subMeshCount: 0
  m_StaticBatchRoot: {fileID: 0}
  m_ProbeAnchor: {fileID: 0}
  m_LightProbeVolumeOverride: {fileID: 0}
  m_ScaleInLightmap: 1
  m_ReceiveGI: 1
  m_PreserveUVs: 0
  m_IgnoreNormalsForChartDetection: 0
  m_ImportantGI: 0
  m_StitchLightmapSeams: 0
  m_SelectedEditorRenderState: 3
  m_MinimumChartSize: 4
  m_AutoUVMaxDistance: 0.5
  m_AutoUVMaxAngle: 89
  m_LightmapParameters: {fileID: 0}
  m_SortingLayerID: 0
  m_SortingLayer: 0
  m_SortingOrder: 0
--- !u!1 &5055961919239388600
GameObject:
  m_ObjectHideFlags: 0
  m_CorrespondingSourceObject: {fileID: 0}
  m_PrefabInstance: {fileID: 0}
  m_PrefabAsset: {fileID: 0}
  serializedVersion: 6
  m_Component:
  - component: {fileID: 5055961919239388601}
  - component: {fileID: 5055961919239388605}
  - component: {fileID: 5055961919239388604}
  - component: {fileID: 5055961919239388607}
  m_Layer: 0
  m_Name: Text 1
  m_TagString: Untagged
  m_Icon: {fileID: 0}
  m_NavMeshLayer: 0
  m_StaticEditorFlags: 0
  m_IsActive: 1
--- !u!4 &5055961919239388601
Transform:
  m_ObjectHideFlags: 0
  m_CorrespondingSourceObject: {fileID: 0}
  m_PrefabInstance: {fileID: 0}
  m_PrefabAsset: {fileID: 0}
  m_GameObject: {fileID: 5055961919239388600}
  m_LocalRotation: {x: -0, y: 0.7071068, z: -0.7071068, w: 0}
  m_LocalPosition: {x: -5.3660965, y: 3.7013893, z: -1.4447575}
  m_LocalScale: {x: 1, y: 1, z: 1}
  m_Children:
  - {fileID: 5055961917846160150}
  - {fileID: 5055961919459520239}
  - {fileID: 5055961918150803128}
  - {fileID: 5055961918984409851}
  m_Father: {fileID: 5055961918034606707}
  m_RootOrder: 0
  m_LocalEulerAnglesHint: {x: 0, y: 0, z: 0}
--- !u!114 &5055961919239388605
MonoBehaviour:
  m_ObjectHideFlags: 0
  m_CorrespondingSourceObject: {fileID: 0}
  m_PrefabInstance: {fileID: 0}
  m_PrefabAsset: {fileID: 0}
  m_GameObject: {fileID: 5055961919239388600}
  m_Enabled: 1
  m_EditorHideFlags: 0
  m_Script: {fileID: 11500000, guid: bb977b126bc1b4f15813dcf9da9bb600, type: 3}
  m_Name: 
  m_EditorClassIdentifier: 
  m_Points:
  - {x: -0.012611393, y: -0.0000000018626451, z: -0.012477877}
  - {x: -0.014091495, y: 0.00000035762787, z: 0.76953137}
  - {x: -1.2883074, y: 0.00000011920929, z: 0.7732221}
  - {x: -1.2705843, y: -4.656613e-10, z: -0.0042572026}
  - {x: -0.20471197, y: -2.910383e-11, z: -0.0003242493}
  - {x: -0.20235449, y: 0.000000014901161, z: 0.12488748}
  - {x: -1.1118624, y: 0.000000014901161, z: 0.12809755}
  - {x: -1.1234591, y: 0.000000059604645, z: 0.6266709}
  - {x: -0.15470889, y: 0.000000059604645, z: 0.63444144}
  - {x: -0.14865115, y: -0.0000000018626451, z: -0.012392046}
  m_Extrude: 0
  m_EditMode: 0
  m_FlipNormals: 0
  isOnGrid: 0
--- !u!33 &5055961919239388604
MeshFilter:
  m_ObjectHideFlags: 0
  m_CorrespondingSourceObject: {fileID: 0}
  m_PrefabInstance: {fileID: 0}
  m_PrefabAsset: {fileID: 0}
  m_GameObject: {fileID: 5055961919239388600}
  m_Mesh: {fileID: 4300000, guid: 2d27e1c4ac2167946b46cf356743a771, type: 2}
--- !u!23 &5055961919239388607
MeshRenderer:
  m_ObjectHideFlags: 0
  m_CorrespondingSourceObject: {fileID: 0}
  m_PrefabInstance: {fileID: 0}
  m_PrefabAsset: {fileID: 0}
  m_GameObject: {fileID: 5055961919239388600}
  m_Enabled: 1
  m_CastShadows: 1
  m_ReceiveShadows: 1
  m_DynamicOccludee: 1
  m_MotionVectors: 1
  m_LightProbeUsage: 1
  m_ReflectionProbeUsage: 1
  m_RayTracingMode: 2
  m_RenderingLayerMask: 1
  m_RendererPriority: 0
  m_Materials:
  - {fileID: 2100000, guid: c59de2e2056fd48a081f3bbc18f1a4ac, type: 2}
  m_StaticBatchInfo:
    firstSubMesh: 0
    subMeshCount: 0
  m_StaticBatchRoot: {fileID: 0}
  m_ProbeAnchor: {fileID: 0}
  m_LightProbeVolumeOverride: {fileID: 0}
  m_ScaleInLightmap: 1
  m_ReceiveGI: 1
  m_PreserveUVs: 0
  m_IgnoreNormalsForChartDetection: 0
  m_ImportantGI: 0
  m_StitchLightmapSeams: 0
  m_SelectedEditorRenderState: 3
  m_MinimumChartSize: 4
  m_AutoUVMaxDistance: 0.5
  m_AutoUVMaxAngle: 89
  m_LightmapParameters: {fileID: 0}
  m_SortingLayerID: 0
  m_SortingLayer: 0
  m_SortingOrder: 0
--- !u!1 &5055961919459520238
GameObject:
  m_ObjectHideFlags: 0
  m_CorrespondingSourceObject: {fileID: 0}
  m_PrefabInstance: {fileID: 0}
  m_PrefabAsset: {fileID: 0}
  serializedVersion: 6
  m_Component:
  - component: {fileID: 5055961919459520239}
  - component: {fileID: 5055961919459520211}
  - component: {fileID: 5055961919459520210}
  - component: {fileID: 5055961919459520237}
  m_Layer: 0
  m_Name: Text 3
  m_TagString: Untagged
  m_Icon: {fileID: 0}
  m_NavMeshLayer: 0
  m_StaticEditorFlags: 0
  m_IsActive: 1
--- !u!4 &5055961919459520239
Transform:
  m_ObjectHideFlags: 0
  m_CorrespondingSourceObject: {fileID: 0}
  m_PrefabInstance: {fileID: 0}
  m_PrefabAsset: {fileID: 0}
  m_GameObject: {fileID: 5055961919459520238}
  m_LocalRotation: {x: -0, y: -0, z: -0, w: 1}
  m_LocalPosition: {x: -0.47241223, y: 0, z: -0.036516193}
  m_LocalScale: {x: 1, y: 1, z: 1}
  m_Children: []
  m_Father: {fileID: 5055961919239388601}
  m_RootOrder: 1
  m_LocalEulerAnglesHint: {x: 0, y: 0, z: 0}
--- !u!114 &5055961919459520211
MonoBehaviour:
  m_ObjectHideFlags: 0
  m_CorrespondingSourceObject: {fileID: 0}
  m_PrefabInstance: {fileID: 0}
  m_PrefabAsset: {fileID: 0}
  m_GameObject: {fileID: 5055961919459520238}
  m_Enabled: 1
  m_EditorHideFlags: 0
  m_Script: {fileID: 11500000, guid: bb977b126bc1b4f15813dcf9da9bb600, type: 3}
  m_Name: 
  m_EditorClassIdentifier: 
  m_Points:
  - {x: 0, y: 0, z: 0}
  - {x: -0.2003861, y: -2.3283064e-10, z: -0.0015125277}
  - {x: -0.2770005, y: -0.000000014901161, z: -0.124321}
  - {x: -0.09275819, y: -0.000000014901161, z: -0.17198755}
  m_Extrude: 0
  m_EditMode: 0
  m_FlipNormals: 0
  isOnGrid: 0
--- !u!33 &5055961919459520210
MeshFilter:
  m_ObjectHideFlags: 0
  m_CorrespondingSourceObject: {fileID: 0}
  m_PrefabInstance: {fileID: 0}
  m_PrefabAsset: {fileID: 0}
  m_GameObject: {fileID: 5055961919459520238}
  m_Mesh: {fileID: 4300000, guid: c411063a12b77dc4bb7d7201d181cd75, type: 2}
--- !u!23 &5055961919459520237
MeshRenderer:
  m_ObjectHideFlags: 0
  m_CorrespondingSourceObject: {fileID: 0}
  m_PrefabInstance: {fileID: 0}
  m_PrefabAsset: {fileID: 0}
  m_GameObject: {fileID: 5055961919459520238}
  m_Enabled: 1
  m_CastShadows: 1
  m_ReceiveShadows: 1
  m_DynamicOccludee: 1
  m_MotionVectors: 1
  m_LightProbeUsage: 1
  m_ReflectionProbeUsage: 1
  m_RayTracingMode: 2
  m_RenderingLayerMask: 1
  m_RendererPriority: 0
  m_Materials:
  - {fileID: 2100000, guid: c59de2e2056fd48a081f3bbc18f1a4ac, type: 2}
  m_StaticBatchInfo:
    firstSubMesh: 0
    subMeshCount: 0
  m_StaticBatchRoot: {fileID: 0}
  m_ProbeAnchor: {fileID: 0}
  m_LightProbeVolumeOverride: {fileID: 0}
  m_ScaleInLightmap: 1
  m_ReceiveGI: 1
  m_PreserveUVs: 0
  m_IgnoreNormalsForChartDetection: 0
  m_ImportantGI: 0
  m_StitchLightmapSeams: 0
  m_SelectedEditorRenderState: 3
  m_MinimumChartSize: 4
  m_AutoUVMaxDistance: 0.5
  m_AutoUVMaxAngle: 89
  m_LightmapParameters: {fileID: 0}
  m_SortingLayerID: 0
  m_SortingLayer: 0
  m_SortingOrder: 0
--- !u!1 &7182952641793600470
GameObject:
  m_ObjectHideFlags: 0
  m_CorrespondingSourceObject: {fileID: 0}
  m_PrefabInstance: {fileID: 0}
  m_PrefabAsset: {fileID: 0}
  serializedVersion: 6
  m_Component:
  - component: {fileID: 1715297305699257254}
  - component: {fileID: 3068061018615922338}
  - component: {fileID: 4848344466892016366}
  m_Layer: 0
  m_Name: Top 2
  m_TagString: Untagged
  m_Icon: {fileID: 0}
  m_NavMeshLayer: 0
  m_StaticEditorFlags: 0
  m_IsActive: 1
--- !u!4 &1715297305699257254
Transform:
  m_ObjectHideFlags: 0
  m_CorrespondingSourceObject: {fileID: 0}
  m_PrefabInstance: {fileID: 0}
  m_PrefabAsset: {fileID: 0}
  m_GameObject: {fileID: 7182952641793600470}
  m_LocalRotation: {x: 0.5, y: 0.5, z: -0.5, w: 0.5}
  m_LocalPosition: {x: -0.16, y: 3.79, z: -4.18}
  m_LocalScale: {x: 0.5, y: 1, z: 0.5}
  m_Children: []
  m_Father: {fileID: 5055961917736190628}
  m_RootOrder: 1
  m_LocalEulerAnglesHint: {x: 90, y: 90, z: 0}
--- !u!33 &3068061018615922338
MeshFilter:
  m_ObjectHideFlags: 0
  m_CorrespondingSourceObject: {fileID: 0}
  m_PrefabInstance: {fileID: 0}
  m_PrefabAsset: {fileID: 0}
  m_GameObject: {fileID: 7182952641793600470}
  m_Mesh: {fileID: 4300000, guid: 0d15a5f437e6e27479fdcb3ece7117a0, type: 2}
--- !u!23 &4848344466892016366
MeshRenderer:
  m_ObjectHideFlags: 0
  m_CorrespondingSourceObject: {fileID: 0}
  m_PrefabInstance: {fileID: 0}
  m_PrefabAsset: {fileID: 0}
  m_GameObject: {fileID: 7182952641793600470}
  m_Enabled: 1
  m_CastShadows: 1
  m_ReceiveShadows: 1
  m_DynamicOccludee: 1
  m_MotionVectors: 1
  m_LightProbeUsage: 1
  m_ReflectionProbeUsage: 1
  m_RayTracingMode: 2
  m_RenderingLayerMask: 1
  m_RendererPriority: 0
  m_Materials:
  - {fileID: 2100000, guid: cdffcea329e284dfda86aa7a4643be72, type: 2}
  m_StaticBatchInfo:
    firstSubMesh: 0
    subMeshCount: 0
  m_StaticBatchRoot: {fileID: 0}
  m_ProbeAnchor: {fileID: 0}
  m_LightProbeVolumeOverride: {fileID: 0}
  m_ScaleInLightmap: 1
  m_ReceiveGI: 1
  m_PreserveUVs: 0
  m_IgnoreNormalsForChartDetection: 0
  m_ImportantGI: 0
  m_StitchLightmapSeams: 0
  m_SelectedEditorRenderState: 3
  m_MinimumChartSize: 4
  m_AutoUVMaxDistance: 0.5
  m_AutoUVMaxAngle: 89
  m_LightmapParameters: {fileID: 0}
  m_SortingLayerID: 0
  m_SortingLayer: 0
  m_SortingOrder: 0
--- !u!1 &8334076618247417668
GameObject:
  m_ObjectHideFlags: 0
  m_CorrespondingSourceObject: {fileID: 0}
  m_PrefabInstance: {fileID: 0}
  m_PrefabAsset: {fileID: 0}
  serializedVersion: 6
  m_Component:
  - component: {fileID: 4458609951305536024}
  - component: {fileID: 7299041801098488341}
  - component: {fileID: 301873462872126006}
  m_Layer: 11
  m_Name: Audio
  m_TagString: Untagged
  m_Icon: {fileID: 0}
  m_NavMeshLayer: 0
  m_StaticEditorFlags: 0
  m_IsActive: 1
--- !u!4 &4458609951305536024
Transform:
  m_ObjectHideFlags: 0
  m_CorrespondingSourceObject: {fileID: 0}
  m_PrefabInstance: {fileID: 0}
  m_PrefabAsset: {fileID: 0}
  m_GameObject: {fileID: 8334076618247417668}
  m_LocalRotation: {x: 0, y: 0, z: 0, w: 1}
  m_LocalPosition: {x: -1.87, y: 2.72, z: -1.5}
  m_LocalScale: {x: 1, y: 1, z: 1}
  m_Children: []
  m_Father: {fileID: 5055961917884443739}
  m_RootOrder: 3
  m_LocalEulerAnglesHint: {x: 0, y: 0, z: 0}
--- !u!82 &7299041801098488341
AudioSource:
  m_ObjectHideFlags: 0
  m_CorrespondingSourceObject: {fileID: 0}
  m_PrefabInstance: {fileID: 0}
  m_PrefabAsset: {fileID: 0}
  m_GameObject: {fileID: 8334076618247417668}
  m_Enabled: 1
  serializedVersion: 4
  OutputAudioMixerGroup: {fileID: 24395902, guid: 66ddb96a199ec462382ef25154f6d50a,
    type: 2}
  m_audioClip: {fileID: 8300000, guid: dc8512f8fe1bd4eae96f758bd4256ba4, type: 3}
  m_PlayOnAwake: 1
  m_Volume: 0.75
  m_Pitch: 1
  Loop: 1
  Mute: 0
  Spatialize: 0
  SpatializePostEffects: 0
  Priority: 128
  DopplerLevel: 0
  MinDistance: 5
  MaxDistance: 20
  Pan2D: 0
  rolloffMode: 1
  BypassEffects: 0
  BypassListenerEffects: 0
  BypassReverbZones: 0
  rolloffCustomCurve:
    serializedVersion: 2
    m_Curve:
    - serializedVersion: 3
      time: 0
      value: 1
      inSlope: 0
      outSlope: 0
      tangentMode: 0
      weightedMode: 0
      inWeight: 0.33333334
      outWeight: 0.33333334
    - serializedVersion: 3
      time: 1
      value: 0
      inSlope: 0
      outSlope: 0
      tangentMode: 0
      weightedMode: 0
      inWeight: 0.33333334
      outWeight: 0.33333334
    m_PreInfinity: 2
    m_PostInfinity: 2
    m_RotationOrder: 4
  panLevelCustomCurve:
    serializedVersion: 2
    m_Curve:
    - serializedVersion: 3
      time: 0
      value: 1
      inSlope: 0
      outSlope: 0
      tangentMode: 0
      weightedMode: 0
      inWeight: 0.33333334
      outWeight: 0.33333334
    m_PreInfinity: 2
    m_PostInfinity: 2
    m_RotationOrder: 4
  spreadCustomCurve:
    serializedVersion: 2
    m_Curve:
    - serializedVersion: 3
      time: 0
      value: 0.125
      inSlope: 0
      outSlope: 0
      tangentMode: 0
      weightedMode: 0
      inWeight: 0.33333334
      outWeight: 0.33333334
    m_PreInfinity: 2
    m_PostInfinity: 2
    m_RotationOrder: 4
  reverbZoneMixCustomCurve:
    serializedVersion: 2
    m_Curve:
    - serializedVersion: 3
      time: 0
      value: 1
      inSlope: 0
      outSlope: 0
      tangentMode: 0
      weightedMode: 0
      inWeight: 0.33333334
      outWeight: 0.33333334
    m_PreInfinity: 2
    m_PostInfinity: 2
    m_RotationOrder: 4
--- !u!114 &301873462872126006
MonoBehaviour:
  m_ObjectHideFlags: 0
  m_CorrespondingSourceObject: {fileID: 0}
  m_PrefabInstance: {fileID: 0}
  m_PrefabAsset: {fileID: 0}
  m_GameObject: {fileID: 8334076618247417668}
  m_Enabled: 1
  m_EditorHideFlags: 0
  m_Script: {fileID: 11500000, guid: 03f8510773cbc4ceda2a162f8ea7f721, type: 3}
  m_Name: 
  m_EditorClassIdentifier: 
  audio: {fileID: 7299041801098488341}
