%YAML 1.1
%TAG !u! tag:unity3d.com,2011:
--- !u!1001 &3114184244550181612
PrefabInstance:
  m_ObjectHideFlags: 0
  serializedVersion: 2
  m_Modification:
    m_TransformParent: {fileID: 0}
    m_Modifications:
    - target: {fileID: 1247348689180785249, guid: 70c89939fb98c48d5beba5c1d3516d3c,
        type: 3}
      propertyPath: spriteSheetOriginals.Array.size
      value: 12
      objectReference: {fileID: 0}
    - target: {fileID: 1247348689180785249, guid: 70c89939fb98c48d5beba5c1d3516d3c,
        type: 3}
      propertyPath: spriteSheetOriginals.Array.data[0]
      value: 
      objectReference: {fileID: 21300080, guid: 73790646763eb468facaa056659f1fd5,
        type: 3}
    - target: {fileID: 1247348689180785249, guid: 70c89939fb98c48d5beba5c1d3516d3c,
        type: 3}
      propertyPath: spriteSheetOriginals.Array.data[1]
      value: 
      objectReference: {fileID: 21300082, guid: 73790646763eb468facaa056659f1fd5,
        type: 3}
    - target: {fileID: 1247348689180785249, guid: 70c89939fb98c48d5beba5c1d3516d3c,
        type: 3}
      propertyPath: spriteSheetOriginals.Array.data[2]
      value: 
      objectReference: {fileID: 21300084, guid: 73790646763eb468facaa056659f1fd5,
        type: 3}
    - target: {fileID: 1247348689180785249, guid: 70c89939fb98c48d5beba5c1d3516d3c,
        type: 3}
      propertyPath: spriteSheetOriginals.Array.data[3]
      value: 
      objectReference: {fileID: 21300074, guid: 73790646763eb468facaa056659f1fd5,
        type: 3}
    - target: {fileID: 1247348689180785249, guid: 70c89939fb98c48d5beba5c1d3516d3c,
        type: 3}
      propertyPath: spriteSheetOriginals.Array.data[4]
      value: 
      objectReference: {fileID: 21300076, guid: 73790646763eb468facaa056659f1fd5,
        type: 3}
    - target: {fileID: 1247348689180785249, guid: 70c89939fb98c48d5beba5c1d3516d3c,
        type: 3}
      propertyPath: spriteSheetOriginals.Array.data[5]
      value: 
      objectReference: {fileID: 21300078, guid: 73790646763eb468facaa056659f1fd5,
        type: 3}
    - target: {fileID: 1247348689180785249, guid: 70c89939fb98c48d5beba5c1d3516d3c,
        type: 3}
      propertyPath: spriteSheetOriginals.Array.data[6]
      value: 
      objectReference: {fileID: 21300092, guid: 73790646763eb468facaa056659f1fd5,
        type: 3}
    - target: {fileID: 1247348689180785249, guid: 70c89939fb98c48d5beba5c1d3516d3c,
        type: 3}
      propertyPath: spriteSheetOriginals.Array.data[7]
      value: 
      objectReference: {fileID: 21300094, guid: 73790646763eb468facaa056659f1fd5,
        type: 3}
    - target: {fileID: 1247348689180785249, guid: 70c89939fb98c48d5beba5c1d3516d3c,
        type: 3}
      propertyPath: spriteSheetOriginals.Array.data[8]
      value: 
      objectReference: {fileID: 21300096, guid: 73790646763eb468facaa056659f1fd5,
        type: 3}
    - target: {fileID: 1247348689180785249, guid: 70c89939fb98c48d5beba5c1d3516d3c,
        type: 3}
      propertyPath: spriteSheetOriginals.Array.data[9]
      value: 
      objectReference: {fileID: 21300086, guid: 73790646763eb468facaa056659f1fd5,
        type: 3}
    - target: {fileID: 1247348689180785249, guid: 70c89939fb98c48d5beba5c1d3516d3c,
        type: 3}
      propertyPath: spriteSheetOriginals.Array.data[10]
      value: 
      objectReference: {fileID: 21300088, guid: 73790646763eb468facaa056659f1fd5,
        type: 3}
    - target: {fileID: 1247348689180785249, guid: 70c89939fb98c48d5beba5c1d3516d3c,
        type: 3}
      propertyPath: spriteSheetOriginals.Array.data[11]
      value: 
      objectReference: {fileID: 21300090, guid: 73790646763eb468facaa056659f1fd5,
        type: 3}
    - target: {fileID: 1278750737948803361, guid: 70c89939fb98c48d5beba5c1d3516d3c,
        type: 3}
      propertyPath: spriteSheetOriginals.Array.size
      value: 12
      objectReference: {fileID: 0}
    - target: {fileID: 1278750737948803361, guid: 70c89939fb98c48d5beba5c1d3516d3c,
        type: 3}
      propertyPath: spriteSheetOriginals.Array.data[0]
      value: 
      objectReference: {fileID: 21300080, guid: 73790646763eb468facaa056659f1fd5,
        type: 3}
    - target: {fileID: 1278750737948803361, guid: 70c89939fb98c48d5beba5c1d3516d3c,
        type: 3}
      propertyPath: spriteSheetOriginals.Array.data[1]
      value: 
      objectReference: {fileID: 21300082, guid: 73790646763eb468facaa056659f1fd5,
        type: 3}
    - target: {fileID: 1278750737948803361, guid: 70c89939fb98c48d5beba5c1d3516d3c,
        type: 3}
      propertyPath: spriteSheetOriginals.Array.data[2]
      value: 
      objectReference: {fileID: 21300084, guid: 73790646763eb468facaa056659f1fd5,
        type: 3}
    - target: {fileID: 1278750737948803361, guid: 70c89939fb98c48d5beba5c1d3516d3c,
        type: 3}
      propertyPath: spriteSheetOriginals.Array.data[3]
      value: 
      objectReference: {fileID: 21300074, guid: 73790646763eb468facaa056659f1fd5,
        type: 3}
    - target: {fileID: 1278750737948803361, guid: 70c89939fb98c48d5beba5c1d3516d3c,
        type: 3}
      propertyPath: spriteSheetOriginals.Array.data[4]
      value: 
      objectReference: {fileID: 21300076, guid: 73790646763eb468facaa056659f1fd5,
        type: 3}
    - target: {fileID: 1278750737948803361, guid: 70c89939fb98c48d5beba5c1d3516d3c,
        type: 3}
      propertyPath: spriteSheetOriginals.Array.data[5]
      value: 
      objectReference: {fileID: 21300078, guid: 73790646763eb468facaa056659f1fd5,
        type: 3}
    - target: {fileID: 1278750737948803361, guid: 70c89939fb98c48d5beba5c1d3516d3c,
        type: 3}
      propertyPath: spriteSheetOriginals.Array.data[6]
      value: 
      objectReference: {fileID: 21300092, guid: 73790646763eb468facaa056659f1fd5,
        type: 3}
    - target: {fileID: 1278750737948803361, guid: 70c89939fb98c48d5beba5c1d3516d3c,
        type: 3}
      propertyPath: spriteSheetOriginals.Array.data[7]
      value: 
      objectReference: {fileID: 21300094, guid: 73790646763eb468facaa056659f1fd5,
        type: 3}
    - target: {fileID: 1278750737948803361, guid: 70c89939fb98c48d5beba5c1d3516d3c,
        type: 3}
      propertyPath: spriteSheetOriginals.Array.data[8]
      value: 
      objectReference: {fileID: 21300096, guid: 73790646763eb468facaa056659f1fd5,
        type: 3}
    - target: {fileID: 1278750737948803361, guid: 70c89939fb98c48d5beba5c1d3516d3c,
        type: 3}
      propertyPath: spriteSheetOriginals.Array.data[9]
      value: 
      objectReference: {fileID: 21300086, guid: 73790646763eb468facaa056659f1fd5,
        type: 3}
    - target: {fileID: 1278750737948803361, guid: 70c89939fb98c48d5beba5c1d3516d3c,
        type: 3}
      propertyPath: spriteSheetOriginals.Array.data[10]
      value: 
      objectReference: {fileID: 21300088, guid: 73790646763eb468facaa056659f1fd5,
        type: 3}
    - target: {fileID: 1278750737948803361, guid: 70c89939fb98c48d5beba5c1d3516d3c,
        type: 3}
      propertyPath: spriteSheetOriginals.Array.data[11]
      value: 
      objectReference: {fileID: 21300090, guid: 73790646763eb468facaa056659f1fd5,
        type: 3}
    - target: {fileID: 1461631025086677692, guid: 70c89939fb98c48d5beba5c1d3516d3c,
        type: 3}
      propertyPath: spriteSheetOriginals.Array.size
      value: 12
      objectReference: {fileID: 0}
    - target: {fileID: 1461631025086677692, guid: 70c89939fb98c48d5beba5c1d3516d3c,
        type: 3}
      propertyPath: spriteSheetOriginals.Array.data[0]
      value: 
      objectReference: {fileID: 21300080, guid: 73790646763eb468facaa056659f1fd5,
        type: 3}
    - target: {fileID: 1461631025086677692, guid: 70c89939fb98c48d5beba5c1d3516d3c,
        type: 3}
      propertyPath: spriteSheetOriginals.Array.data[1]
      value: 
      objectReference: {fileID: 21300082, guid: 73790646763eb468facaa056659f1fd5,
        type: 3}
    - target: {fileID: 1461631025086677692, guid: 70c89939fb98c48d5beba5c1d3516d3c,
        type: 3}
      propertyPath: spriteSheetOriginals.Array.data[2]
      value: 
      objectReference: {fileID: 21300084, guid: 73790646763eb468facaa056659f1fd5,
        type: 3}
    - target: {fileID: 1461631025086677692, guid: 70c89939fb98c48d5beba5c1d3516d3c,
        type: 3}
      propertyPath: spriteSheetOriginals.Array.data[3]
      value: 
      objectReference: {fileID: 21300074, guid: 73790646763eb468facaa056659f1fd5,
        type: 3}
    - target: {fileID: 1461631025086677692, guid: 70c89939fb98c48d5beba5c1d3516d3c,
        type: 3}
      propertyPath: spriteSheetOriginals.Array.data[4]
      value: 
      objectReference: {fileID: 21300076, guid: 73790646763eb468facaa056659f1fd5,
        type: 3}
    - target: {fileID: 1461631025086677692, guid: 70c89939fb98c48d5beba5c1d3516d3c,
        type: 3}
      propertyPath: spriteSheetOriginals.Array.data[5]
      value: 
      objectReference: {fileID: 21300078, guid: 73790646763eb468facaa056659f1fd5,
        type: 3}
    - target: {fileID: 1461631025086677692, guid: 70c89939fb98c48d5beba5c1d3516d3c,
        type: 3}
      propertyPath: spriteSheetOriginals.Array.data[6]
      value: 
      objectReference: {fileID: 21300092, guid: 73790646763eb468facaa056659f1fd5,
        type: 3}
    - target: {fileID: 1461631025086677692, guid: 70c89939fb98c48d5beba5c1d3516d3c,
        type: 3}
      propertyPath: spriteSheetOriginals.Array.data[7]
      value: 
      objectReference: {fileID: 21300094, guid: 73790646763eb468facaa056659f1fd5,
        type: 3}
    - target: {fileID: 1461631025086677692, guid: 70c89939fb98c48d5beba5c1d3516d3c,
        type: 3}
      propertyPath: spriteSheetOriginals.Array.data[8]
      value: 
      objectReference: {fileID: 21300096, guid: 73790646763eb468facaa056659f1fd5,
        type: 3}
    - target: {fileID: 1461631025086677692, guid: 70c89939fb98c48d5beba5c1d3516d3c,
        type: 3}
      propertyPath: spriteSheetOriginals.Array.data[9]
      value: 
      objectReference: {fileID: 21300086, guid: 73790646763eb468facaa056659f1fd5,
        type: 3}
    - target: {fileID: 1461631025086677692, guid: 70c89939fb98c48d5beba5c1d3516d3c,
        type: 3}
      propertyPath: spriteSheetOriginals.Array.data[10]
      value: 
      objectReference: {fileID: 21300088, guid: 73790646763eb468facaa056659f1fd5,
        type: 3}
    - target: {fileID: 1461631025086677692, guid: 70c89939fb98c48d5beba5c1d3516d3c,
        type: 3}
      propertyPath: spriteSheetOriginals.Array.data[11]
      value: 
      objectReference: {fileID: 21300090, guid: 73790646763eb468facaa056659f1fd5,
        type: 3}
    - target: {fileID: 4078854675971694249, guid: 70c89939fb98c48d5beba5c1d3516d3c,
        type: 3}
      propertyPath: m_LocalPosition.y
      value: 0.357
      objectReference: {fileID: 0}
    - target: {fileID: 5567541056421571669, guid: 70c89939fb98c48d5beba5c1d3516d3c,
        type: 3}
      propertyPath: m_Name
      value: Flying Owl (Idle Docile)
      objectReference: {fileID: 0}
    - target: {fileID: 6755435627848952796, guid: 70c89939fb98c48d5beba5c1d3516d3c,
        type: 3}
      propertyPath: m_Sprite
      value: 
      objectReference: {fileID: 21300002, guid: 49df1feb2b03e4e68a502f4a3e7b33a3,
        type: 3}
    - target: {fileID: 7406187168881686629, guid: 70c89939fb98c48d5beba5c1d3516d3c,
        type: 3}
      propertyPath: m_Size
      value: 2.0140657
      objectReference: {fileID: 0}
    - target: {fileID: 7406187168881686629, guid: 70c89939fb98c48d5beba5c1d3516d3c,
        type: 3}
      propertyPath: m_LocalReferencePoint.y
      value: 0.32433262
      objectReference: {fileID: 0}
    - target: {fileID: 7406187168881686629, guid: 70c89939fb98c48d5beba5c1d3516d3c,
        type: 3}
      propertyPath: m_LODs.Array.data[0].renderers.Array.size
      value: 17
      objectReference: {fileID: 0}
    - target: {fileID: 7406187168881686629, guid: 70c89939fb98c48d5beba5c1d3516d3c,
        type: 3}
      propertyPath: m_LODs.Array.data[0].renderers.Array.data[7].renderer
      value: 
      objectReference: {fileID: 2495873471080161771}
    - target: {fileID: 7406187168881686629, guid: 70c89939fb98c48d5beba5c1d3516d3c,
        type: 3}
      propertyPath: m_LODs.Array.data[0].renderers.Array.data[8].renderer
      value: 
      objectReference: {fileID: 6738518179828937843}
    - target: {fileID: 7406187168881686629, guid: 70c89939fb98c48d5beba5c1d3516d3c,
        type: 3}
      propertyPath: m_LODs.Array.data[0].renderers.Array.data[9].renderer
      value: 
      objectReference: {fileID: 3521092581760888151}
    - target: {fileID: 7406187168881686629, guid: 70c89939fb98c48d5beba5c1d3516d3c,
        type: 3}
      propertyPath: m_LODs.Array.data[0].renderers.Array.data[10].renderer
      value: 
      objectReference: {fileID: 8549075358369655200}
    - target: {fileID: 7406187168881686629, guid: 70c89939fb98c48d5beba5c1d3516d3c,
        type: 3}
      propertyPath: m_LODs.Array.data[0].renderers.Array.data[11].renderer
      value: 
      objectReference: {fileID: 5517526380402976205}
    - target: {fileID: 7406187168881686629, guid: 70c89939fb98c48d5beba5c1d3516d3c,
        type: 3}
      propertyPath: m_LODs.Array.data[0].renderers.Array.data[12].renderer
      value: 
      objectReference: {fileID: 5367609157566878911}
    - target: {fileID: 7406187168881686629, guid: 70c89939fb98c48d5beba5c1d3516d3c,
        type: 3}
      propertyPath: m_LODs.Array.data[0].renderers.Array.data[13].renderer
      value: 
      objectReference: {fileID: 6761163767193475897}
    - target: {fileID: 7406187168881686629, guid: 70c89939fb98c48d5beba5c1d3516d3c,
        type: 3}
      propertyPath: m_LODs.Array.data[0].renderers.Array.data[14].renderer
      value: 
      objectReference: {fileID: 644537051690173065}
    - target: {fileID: 7406187168881686629, guid: 70c89939fb98c48d5beba5c1d3516d3c,
        type: 3}
      propertyPath: m_LODs.Array.data[0].renderers.Array.data[15].renderer
      value: 
      objectReference: {fileID: 6691089870630913548}
    - target: {fileID: 7406187168881686629, guid: 70c89939fb98c48d5beba5c1d3516d3c,
        type: 3}
      propertyPath: m_LODs.Array.data[0].renderers.Array.data[16].renderer
      value: 
      objectReference: {fileID: 3559753129323655059}
    - target: {fileID: 7406187168881686629, guid: 70c89939fb98c48d5beba5c1d3516d3c,
        type: 3}
      propertyPath: m_LODs.Array.data[0].renderers.Array.data[17].renderer
      value: 
      objectReference: {fileID: 3559753129323655059}
    - target: {fileID: 8043981799805352644, guid: 70c89939fb98c48d5beba5c1d3516d3c,
        type: 3}
      propertyPath: m_RootOrder
      value: 0
      objectReference: {fileID: 0}
    - target: {fileID: 8043981799805352644, guid: 70c89939fb98c48d5beba5c1d3516d3c,
        type: 3}
      propertyPath: m_LocalPosition.x
      value: 0
      objectReference: {fileID: 0}
    - target: {fileID: 8043981799805352644, guid: 70c89939fb98c48d5beba5c1d3516d3c,
        type: 3}
      propertyPath: m_LocalPosition.y
      value: 0
      objectReference: {fileID: 0}
    - target: {fileID: 8043981799805352644, guid: 70c89939fb98c48d5beba5c1d3516d3c,
        type: 3}
      propertyPath: m_LocalPosition.z
      value: 0
      objectReference: {fileID: 0}
    - target: {fileID: 8043981799805352644, guid: 70c89939fb98c48d5beba5c1d3516d3c,
        type: 3}
      propertyPath: m_LocalRotation.w
      value: 1
      objectReference: {fileID: 0}
    - target: {fileID: 8043981799805352644, guid: 70c89939fb98c48d5beba5c1d3516d3c,
        type: 3}
      propertyPath: m_LocalRotation.x
      value: -0
      objectReference: {fileID: 0}
    - target: {fileID: 8043981799805352644, guid: 70c89939fb98c48d5beba5c1d3516d3c,
        type: 3}
      propertyPath: m_LocalRotation.y
      value: -0
      objectReference: {fileID: 0}
    - target: {fileID: 8043981799805352644, guid: 70c89939fb98c48d5beba5c1d3516d3c,
        type: 3}
      propertyPath: m_LocalRotation.z
      value: -0
      objectReference: {fileID: 0}
    - target: {fileID: 8043981799805352644, guid: 70c89939fb98c48d5beba5c1d3516d3c,
        type: 3}
      propertyPath: m_LocalEulerAnglesHint.x
      value: 0
      objectReference: {fileID: 0}
    - target: {fileID: 8043981799805352644, guid: 70c89939fb98c48d5beba5c1d3516d3c,
        type: 3}
      propertyPath: m_LocalEulerAnglesHint.y
      value: 0
      objectReference: {fileID: 0}
    - target: {fileID: 8043981799805352644, guid: 70c89939fb98c48d5beba5c1d3516d3c,
        type: 3}
      propertyPath: m_LocalEulerAnglesHint.z
      value: 0
      objectReference: {fileID: 0}
    - target: {fileID: 8642561660868713765, guid: 70c89939fb98c48d5beba5c1d3516d3c,
        type: 3}
      propertyPath: spriteSheetOriginals.Array.size
      value: 37
      objectReference: {fileID: 0}
    - target: {fileID: 8642561660868713765, guid: 70c89939fb98c48d5beba5c1d3516d3c,
        type: 3}
      propertyPath: spriteSheetOriginals.Array.data[0]
      value: 
      objectReference: {fileID: 21300026, guid: e861c98a677044fac96cbd710e9a4de0,
        type: 3}
    - target: {fileID: 8642561660868713765, guid: 70c89939fb98c48d5beba5c1d3516d3c,
        type: 3}
      propertyPath: spriteSheetOriginals.Array.data[1]
      value: 
      objectReference: {fileID: 21300006, guid: e861c98a677044fac96cbd710e9a4de0,
        type: 3}
    - target: {fileID: 8642561660868713765, guid: 70c89939fb98c48d5beba5c1d3516d3c,
        type: 3}
      propertyPath: spriteSheetOriginals.Array.data[2]
      value: 
      objectReference: {fileID: 21300002, guid: e861c98a677044fac96cbd710e9a4de0,
        type: 3}
    - target: {fileID: 8642561660868713765, guid: 70c89939fb98c48d5beba5c1d3516d3c,
        type: 3}
      propertyPath: spriteSheetOriginals.Array.data[3]
      value: 
      objectReference: {fileID: 21300020, guid: e861c98a677044fac96cbd710e9a4de0,
        type: 3}
    - target: {fileID: 8642561660868713765, guid: 70c89939fb98c48d5beba5c1d3516d3c,
        type: 3}
      propertyPath: spriteSheetOriginals.Array.data[4]
      value: 
      objectReference: {fileID: 21300050, guid: e861c98a677044fac96cbd710e9a4de0,
        type: 3}
    - target: {fileID: 8642561660868713765, guid: 70c89939fb98c48d5beba5c1d3516d3c,
        type: 3}
      propertyPath: spriteSheetOriginals.Array.data[5]
      value: 
      objectReference: {fileID: 21300042, guid: e861c98a677044fac96cbd710e9a4de0,
        type: 3}
    - target: {fileID: 8642561660868713765, guid: 70c89939fb98c48d5beba5c1d3516d3c,
        type: 3}
      propertyPath: spriteSheetOriginals.Array.data[6]
      value: 
      objectReference: {fileID: 21300046, guid: e861c98a677044fac96cbd710e9a4de0,
        type: 3}
    - target: {fileID: 8642561660868713765, guid: 70c89939fb98c48d5beba5c1d3516d3c,
        type: 3}
      propertyPath: spriteSheetOriginals.Array.data[7]
      value: 
      objectReference: {fileID: 21300064, guid: e861c98a677044fac96cbd710e9a4de0,
        type: 3}
    - target: {fileID: 8642561660868713765, guid: 70c89939fb98c48d5beba5c1d3516d3c,
        type: 3}
      propertyPath: spriteSheetOriginals.Array.data[8]
      value: 
      objectReference: {fileID: 21300040, guid: e861c98a677044fac96cbd710e9a4de0,
        type: 3}
    - target: {fileID: 8642561660868713765, guid: 70c89939fb98c48d5beba5c1d3516d3c,
        type: 3}
      propertyPath: spriteSheetOriginals.Array.data[9]
      value: 
      objectReference: {fileID: 21300024, guid: e861c98a677044fac96cbd710e9a4de0,
        type: 3}
    - target: {fileID: 8642561660868713765, guid: 70c89939fb98c48d5beba5c1d3516d3c,
        type: 3}
      propertyPath: spriteSheetOriginals.Array.data[10]
      value: 
      objectReference: {fileID: 21300038, guid: e861c98a677044fac96cbd710e9a4de0,
        type: 3}
    - target: {fileID: 8642561660868713765, guid: 70c89939fb98c48d5beba5c1d3516d3c,
        type: 3}
      propertyPath: spriteSheetOriginals.Array.data[11]
      value: 
      objectReference: {fileID: 21300062, guid: e861c98a677044fac96cbd710e9a4de0,
        type: 3}
    - target: {fileID: 8642561660868713765, guid: 70c89939fb98c48d5beba5c1d3516d3c,
        type: 3}
      propertyPath: spriteSheetOriginals.Array.data[12]
      value: 
      objectReference: {fileID: 21300004, guid: e861c98a677044fac96cbd710e9a4de0,
        type: 3}
    - target: {fileID: 8642561660868713765, guid: 70c89939fb98c48d5beba5c1d3516d3c,
        type: 3}
      propertyPath: spriteSheetOriginals.Array.data[13]
      value: 
      objectReference: {fileID: 21300056, guid: e861c98a677044fac96cbd710e9a4de0,
        type: 3}
    - target: {fileID: 8642561660868713765, guid: 70c89939fb98c48d5beba5c1d3516d3c,
        type: 3}
      propertyPath: spriteSheetOriginals.Array.data[14]
      value: 
      objectReference: {fileID: 21300000, guid: e861c98a677044fac96cbd710e9a4de0,
        type: 3}
    - target: {fileID: 8642561660868713765, guid: 70c89939fb98c48d5beba5c1d3516d3c,
        type: 3}
      propertyPath: spriteSheetOriginals.Array.data[15]
      value: 
      objectReference: {fileID: 21300028, guid: e861c98a677044fac96cbd710e9a4de0,
        type: 3}
    - target: {fileID: 8642561660868713765, guid: 70c89939fb98c48d5beba5c1d3516d3c,
        type: 3}
      propertyPath: spriteSheetOriginals.Array.data[16]
      value: 
      objectReference: {fileID: 21300068, guid: e861c98a677044fac96cbd710e9a4de0,
        type: 3}
    - target: {fileID: 8642561660868713765, guid: 70c89939fb98c48d5beba5c1d3516d3c,
        type: 3}
      propertyPath: spriteSheetOriginals.Array.data[17]
      value: 
      objectReference: {fileID: 21300070, guid: e861c98a677044fac96cbd710e9a4de0,
        type: 3}
    - target: {fileID: 8642561660868713765, guid: 70c89939fb98c48d5beba5c1d3516d3c,
        type: 3}
      propertyPath: spriteSheetOriginals.Array.data[18]
      value: 
      objectReference: {fileID: 21300072, guid: e861c98a677044fac96cbd710e9a4de0,
        type: 3}
    - target: {fileID: 8642561660868713765, guid: 70c89939fb98c48d5beba5c1d3516d3c,
        type: 3}
      propertyPath: spriteSheetOriginals.Array.data[19]
      value: 
      objectReference: {fileID: 21300066, guid: e861c98a677044fac96cbd710e9a4de0,
        type: 3}
    - target: {fileID: 8642561660868713765, guid: 70c89939fb98c48d5beba5c1d3516d3c,
        type: 3}
      propertyPath: spriteSheetOriginals.Array.data[20]
      value: 
      objectReference: {fileID: 21300048, guid: e861c98a677044fac96cbd710e9a4de0,
        type: 3}
    - target: {fileID: 8642561660868713765, guid: 70c89939fb98c48d5beba5c1d3516d3c,
        type: 3}
      propertyPath: spriteSheetOriginals.Array.data[21]
      value: 
      objectReference: {fileID: 21300032, guid: e861c98a677044fac96cbd710e9a4de0,
        type: 3}
    - target: {fileID: 8642561660868713765, guid: 70c89939fb98c48d5beba5c1d3516d3c,
        type: 3}
      propertyPath: spriteSheetOriginals.Array.data[22]
      value: 
      objectReference: {fileID: 21300016, guid: e861c98a677044fac96cbd710e9a4de0,
        type: 3}
    - target: {fileID: 8642561660868713765, guid: 70c89939fb98c48d5beba5c1d3516d3c,
        type: 3}
      propertyPath: spriteSheetOriginals.Array.data[23]
      value: 
      objectReference: {fileID: 21300022, guid: e861c98a677044fac96cbd710e9a4de0,
        type: 3}
    - target: {fileID: 8642561660868713765, guid: 70c89939fb98c48d5beba5c1d3516d3c,
        type: 3}
      propertyPath: spriteSheetOriginals.Array.data[24]
      value: 
      objectReference: {fileID: 21300052, guid: e861c98a677044fac96cbd710e9a4de0,
        type: 3}
    - target: {fileID: 8642561660868713765, guid: 70c89939fb98c48d5beba5c1d3516d3c,
        type: 3}
      propertyPath: spriteSheetOriginals.Array.data[25]
      value: 
      objectReference: {fileID: 21300034, guid: e861c98a677044fac96cbd710e9a4de0,
        type: 3}
    - target: {fileID: 8642561660868713765, guid: 70c89939fb98c48d5beba5c1d3516d3c,
        type: 3}
      propertyPath: spriteSheetOriginals.Array.data[26]
      value: 
      objectReference: {fileID: 21300018, guid: e861c98a677044fac96cbd710e9a4de0,
        type: 3}
    - target: {fileID: 8642561660868713765, guid: 70c89939fb98c48d5beba5c1d3516d3c,
        type: 3}
      propertyPath: spriteSheetOriginals.Array.data[27]
      value: 
      objectReference: {fileID: 21300030, guid: e861c98a677044fac96cbd710e9a4de0,
        type: 3}
    - target: {fileID: 8642561660868713765, guid: 70c89939fb98c48d5beba5c1d3516d3c,
        type: 3}
      propertyPath: spriteSheetOriginals.Array.data[28]
      value: 
      objectReference: {fileID: 21300054, guid: e861c98a677044fac96cbd710e9a4de0,
        type: 3}
    - target: {fileID: 8642561660868713765, guid: 70c89939fb98c48d5beba5c1d3516d3c,
        type: 3}
      propertyPath: spriteSheetOriginals.Array.data[29]
      value: 
      objectReference: {fileID: 21300012, guid: e861c98a677044fac96cbd710e9a4de0,
        type: 3}
    - target: {fileID: 8642561660868713765, guid: 70c89939fb98c48d5beba5c1d3516d3c,
        type: 3}
      propertyPath: spriteSheetOriginals.Array.data[30]
      value: 
      objectReference: {fileID: 21300008, guid: e861c98a677044fac96cbd710e9a4de0,
        type: 3}
    - target: {fileID: 8642561660868713765, guid: 70c89939fb98c48d5beba5c1d3516d3c,
        type: 3}
      propertyPath: spriteSheetOriginals.Array.data[31]
      value: 
      objectReference: {fileID: 21300044, guid: e861c98a677044fac96cbd710e9a4de0,
        type: 3}
    - target: {fileID: 8642561660868713765, guid: 70c89939fb98c48d5beba5c1d3516d3c,
        type: 3}
      propertyPath: spriteSheetOriginals.Array.data[32]
      value: 
      objectReference: {fileID: 21300058, guid: e861c98a677044fac96cbd710e9a4de0,
        type: 3}
    - target: {fileID: 8642561660868713765, guid: 70c89939fb98c48d5beba5c1d3516d3c,
        type: 3}
      propertyPath: spriteSheetOriginals.Array.data[33]
      value: 
      objectReference: {fileID: 21300014, guid: e861c98a677044fac96cbd710e9a4de0,
        type: 3}
    - target: {fileID: 8642561660868713765, guid: 70c89939fb98c48d5beba5c1d3516d3c,
        type: 3}
      propertyPath: spriteSheetOriginals.Array.data[34]
      value: 
      objectReference: {fileID: 21300010, guid: e861c98a677044fac96cbd710e9a4de0,
        type: 3}
    - target: {fileID: 8642561660868713765, guid: 70c89939fb98c48d5beba5c1d3516d3c,
        type: 3}
      propertyPath: spriteSheetOriginals.Array.data[35]
      value: 
      objectReference: {fileID: 21300060, guid: e861c98a677044fac96cbd710e9a4de0,
        type: 3}
    - target: {fileID: 8642561660868713765, guid: 70c89939fb98c48d5beba5c1d3516d3c,
        type: 3}
      propertyPath: spriteSheetOriginals.Array.data[36]
      value: 
      objectReference: {fileID: 21300036, guid: e861c98a677044fac96cbd710e9a4de0,
        type: 3}
    - target: {fileID: 8880143373891192864, guid: 70c89939fb98c48d5beba5c1d3516d3c,
        type: 3}
      propertyPath: spriteSheetOriginals.Array.size
      value: 12
      objectReference: {fileID: 0}
    - target: {fileID: 8880143373891192864, guid: 70c89939fb98c48d5beba5c1d3516d3c,
        type: 3}
      propertyPath: spriteSheetOriginals.Array.data[0]
      value: 
      objectReference: {fileID: 21300080, guid: 73790646763eb468facaa056659f1fd5,
        type: 3}
    - target: {fileID: 8880143373891192864, guid: 70c89939fb98c48d5beba5c1d3516d3c,
        type: 3}
      propertyPath: spriteSheetOriginals.Array.data[1]
      value: 
      objectReference: {fileID: 21300082, guid: 73790646763eb468facaa056659f1fd5,
        type: 3}
    - target: {fileID: 8880143373891192864, guid: 70c89939fb98c48d5beba5c1d3516d3c,
        type: 3}
      propertyPath: spriteSheetOriginals.Array.data[2]
      value: 
      objectReference: {fileID: 21300084, guid: 73790646763eb468facaa056659f1fd5,
        type: 3}
    - target: {fileID: 8880143373891192864, guid: 70c89939fb98c48d5beba5c1d3516d3c,
        type: 3}
      propertyPath: spriteSheetOriginals.Array.data[3]
      value: 
      objectReference: {fileID: 21300074, guid: 73790646763eb468facaa056659f1fd5,
        type: 3}
    - target: {fileID: 8880143373891192864, guid: 70c89939fb98c48d5beba5c1d3516d3c,
        type: 3}
      propertyPath: spriteSheetOriginals.Array.data[4]
      value: 
      objectReference: {fileID: 21300076, guid: 73790646763eb468facaa056659f1fd5,
        type: 3}
    - target: {fileID: 8880143373891192864, guid: 70c89939fb98c48d5beba5c1d3516d3c,
        type: 3}
      propertyPath: spriteSheetOriginals.Array.data[5]
      value: 
      objectReference: {fileID: 21300078, guid: 73790646763eb468facaa056659f1fd5,
        type: 3}
    - target: {fileID: 8880143373891192864, guid: 70c89939fb98c48d5beba5c1d3516d3c,
        type: 3}
      propertyPath: spriteSheetOriginals.Array.data[6]
      value: 
      objectReference: {fileID: 21300092, guid: 73790646763eb468facaa056659f1fd5,
        type: 3}
    - target: {fileID: 8880143373891192864, guid: 70c89939fb98c48d5beba5c1d3516d3c,
        type: 3}
      propertyPath: spriteSheetOriginals.Array.data[7]
      value: 
      objectReference: {fileID: 21300094, guid: 73790646763eb468facaa056659f1fd5,
        type: 3}
    - target: {fileID: 8880143373891192864, guid: 70c89939fb98c48d5beba5c1d3516d3c,
        type: 3}
      propertyPath: spriteSheetOriginals.Array.data[8]
      value: 
      objectReference: {fileID: 21300096, guid: 73790646763eb468facaa056659f1fd5,
        type: 3}
    - target: {fileID: 8880143373891192864, guid: 70c89939fb98c48d5beba5c1d3516d3c,
        type: 3}
      propertyPath: spriteSheetOriginals.Array.data[9]
      value: 
      objectReference: {fileID: 21300086, guid: 73790646763eb468facaa056659f1fd5,
        type: 3}
    - target: {fileID: 8880143373891192864, guid: 70c89939fb98c48d5beba5c1d3516d3c,
        type: 3}
      propertyPath: spriteSheetOriginals.Array.data[10]
      value: 
      objectReference: {fileID: 21300088, guid: 73790646763eb468facaa056659f1fd5,
        type: 3}
    - target: {fileID: 8880143373891192864, guid: 70c89939fb98c48d5beba5c1d3516d3c,
        type: 3}
      propertyPath: spriteSheetOriginals.Array.data[11]
      value: 
      objectReference: {fileID: 21300090, guid: 73790646763eb468facaa056659f1fd5,
        type: 3}
    m_RemovedComponents: []
  m_SourcePrefab: {fileID: 100100000, guid: 70c89939fb98c48d5beba5c1d3516d3c, type: 3}
--- !u!212 &2495873471080161771 stripped
SpriteRenderer:
  m_CorrespondingSourceObject: {fileID: 690407131736032007, guid: 70c89939fb98c48d5beba5c1d3516d3c,
    type: 3}
  m_PrefabInstance: {fileID: 3114184244550181612}
  m_PrefabAsset: {fileID: 0}
--- !u!212 &6738518179828937843 stripped
SpriteRenderer:
  m_CorrespondingSourceObject: {fileID: 8553400599599584927, guid: 70c89939fb98c48d5beba5c1d3516d3c,
    type: 3}
  m_PrefabInstance: {fileID: 3114184244550181612}
  m_PrefabAsset: {fileID: 0}
--- !u!212 &3521092581760888151 stripped
SpriteRenderer:
  m_CorrespondingSourceObject: {fileID: 2011597334610628539, guid: 70c89939fb98c48d5beba5c1d3516d3c,
    type: 3}
  m_PrefabInstance: {fileID: 3114184244550181612}
  m_PrefabAsset: {fileID: 0}
--- !u!212 &8549075358369655200 stripped
SpriteRenderer:
  m_CorrespondingSourceObject: {fileID: 6742914126955350860, guid: 70c89939fb98c48d5beba5c1d3516d3c,
    type: 3}
  m_PrefabInstance: {fileID: 3114184244550181612}
  m_PrefabAsset: {fileID: 0}
--- !u!212 &5517526380402976205 stripped
SpriteRenderer:
  m_CorrespondingSourceObject: {fileID: 7468656003853846305, guid: 70c89939fb98c48d5beba5c1d3516d3c,
    type: 3}
  m_PrefabInstance: {fileID: 3114184244550181612}
  m_PrefabAsset: {fileID: 0}
--- !u!212 &5367609157566878911 stripped
SpriteRenderer:
  m_CorrespondingSourceObject: {fileID: 7010514747818800723, guid: 70c89939fb98c48d5beba5c1d3516d3c,
    type: 3}
  m_PrefabInstance: {fileID: 3114184244550181612}
  m_PrefabAsset: {fileID: 0}
--- !u!199 &6761163767193475897 stripped
ParticleSystemRenderer:
  m_CorrespondingSourceObject: {fileID: 8566889437601413589, guid: 70c89939fb98c48d5beba5c1d3516d3c,
    type: 3}
  m_PrefabInstance: {fileID: 3114184244550181612}
  m_PrefabAsset: {fileID: 0}
--- !u!23 &644537051690173065 stripped
MeshRenderer:
  m_CorrespondingSourceObject: {fileID: 2577771040396157029, guid: 70c89939fb98c48d5beba5c1d3516d3c,
    type: 3}
  m_PrefabInstance: {fileID: 3114184244550181612}
  m_PrefabAsset: {fileID: 0}
--- !u!199 &6691089870630913548 stripped
ParticleSystemRenderer:
  m_CorrespondingSourceObject: {fileID: 8641361891771524320, guid: 70c89939fb98c48d5beba5c1d3516d3c,
    type: 3}
  m_PrefabInstance: {fileID: 3114184244550181612}
  m_PrefabAsset: {fileID: 0}
--- !u!199 &3559753129323655059 stripped
ParticleSystemRenderer:
  m_CorrespondingSourceObject: {fileID: 1896304126210592127, guid: 70c89939fb98c48d5beba5c1d3516d3c,
    type: 3}
  m_PrefabInstance: {fileID: 3114184244550181612}
  m_PrefabAsset: {fileID: 0}
