%YAML 1.1
%TAG !u! tag:unity3d.com,2011:
--- !u!1 &625015233656414963
GameObject:
  m_ObjectHideFlags: 0
  m_CorrespondingSourceObject: {fileID: 0}
  m_PrefabInstance: {fileID: 0}
  m_PrefabAsset: {fileID: 0}
  serializedVersion: 6
  m_Component:
  - component: {fileID: 625015233656414966}
  - component: {fileID: 625015233656414967}
  - component: {fileID: 625015233656414964}
  - component: {fileID: 625015233656414965}
  - component: {fileID: 625015233656414962}
  - component: {fileID: 5139950200161001364}
  m_Layer: 23
  m_Name: External Curse Zone
  m_TagString: Untagged
  m_Icon: {fileID: 0}
  m_NavMeshLayer: 0
  m_StaticEditorFlags: 16
  m_IsActive: 1
--- !u!4 &625015233656414966
Transform:
  m_ObjectHideFlags: 0
  m_CorrespondingSourceObject: {fileID: 0}
  m_PrefabInstance: {fileID: 0}
  m_PrefabAsset: {fileID: 0}
  m_GameObject: {fileID: 625015233656414963}
  m_LocalRotation: {x: 0, y: 0, z: 0, w: 1}
  m_LocalPosition: {x: -160, y: 42.53, z: 207.69}
  m_LocalScale: {x: 1, y: 1, z: 1}
  m_Children:
  - {fileID: 8578925100922705964}
  - {fileID: 1547066778976404939}
  m_Father: {fileID: 0}
  m_RootOrder: 0
  m_LocalEulerAnglesHint: {x: 0, y: 0, z: 0}
--- !u!114 &625015233656414967
MonoBehaviour:
  m_ObjectHideFlags: 0
  m_CorrespondingSourceObject: {fileID: 0}
  m_PrefabInstance: {fileID: 0}
  m_PrefabAsset: {fileID: 0}
  m_GameObject: {fileID: 625015233656414963}
  m_Enabled: 1
  m_EditorHideFlags: 0
  m_Script: {fileID: 11500000, guid: 8cb5599dbecac4fcf89b0860c936bdf6, type: 3}
  m_Name: 
  m_EditorClassIdentifier: 
  offset: {x: 0, y: -197.53, z: 0}
  iconPath: GIZMO_Race
  allowScaling: 0
  onlyWhenSelected: 0
--- !u!114 &625015233656414964
MonoBehaviour:
  m_ObjectHideFlags: 0
  m_CorrespondingSourceObject: {fileID: 0}
  m_PrefabInstance: {fileID: 0}
  m_PrefabAsset: {fileID: 0}
  m_GameObject: {fileID: 625015233656414963}
  m_Enabled: 1
  m_EditorHideFlags: 0
  m_Script: {fileID: 11500000, guid: e080b5ce4cb6e9845bc6b00683f20679, type: 3}
  m_Name: 
  m_EditorClassIdentifier: 
  primaryType: 52
  secondaryType: 54
  repeatable: 0
  cancelOnExit: 0
  onTrigger:
    m_PersistentCalls:
      m_Calls: []
  onCompleted:
    m_PersistentCalls:
      m_Calls:
      - m_Target: {fileID: 625015233656414965}
        m_MethodName: set_enabled
        m_Mode: 6
        m_Arguments:
          m_ObjectArgument: {fileID: 0}
          m_ObjectArgumentAssemblyTypeName: UnityEngine.Object, UnityEngine
          m_IntArgument: 0
          m_FloatArgument: 0
          m_StringArgument: 
          m_BoolArgument: 0
        m_CallState: 2
--- !u!65 &625015233656414965
BoxCollider:
  m_ObjectHideFlags: 0
  m_CorrespondingSourceObject: {fileID: 0}
  m_PrefabInstance: {fileID: 0}
  m_PrefabAsset: {fileID: 0}
  m_GameObject: {fileID: 625015233656414963}
  m_Material: {fileID: 0}
  m_IsTrigger: 1
  m_Enabled: 1
  serializedVersion: 2
  m_Size: {x: 27.359695, y: 16.643257, z: 26.251297}
  m_Center: {x: 2.1705399, y: 6.791111, z: 2.1155472}
--- !u!114 &625015233656414962
MonoBehaviour:
  m_ObjectHideFlags: 0
  m_CorrespondingSourceObject: {fileID: 0}
  m_PrefabInstance: {fileID: 0}
  m_PrefabAsset: {fileID: 0}
  m_GameObject: {fileID: 625015233656414963}
  m_Enabled: 1
  m_EditorHideFlags: 0
  m_Script: {fileID: 11500000, guid: fb47a08fd7fd32b4db33ae6f9c38156b, type: 3}
  m_Name: 
  m_EditorClassIdentifier: 
  allowedTags: []
  onEnter:
    m_PersistentCalls:
      m_Calls:
      - m_Target: {fileID: 625015233656414964}
        m_MethodName: TryTriggerCurse
        m_Mode: 0
        m_Arguments:
          m_ObjectArgument: {fileID: 0}
          m_ObjectArgumentAssemblyTypeName: UnityEngine.Object, UnityEngine
          m_IntArgument: 0
          m_FloatArgument: 0
          m_StringArgument: 
          m_BoolArgument: 0
        m_CallState: 2
  onExit:
    m_PersistentCalls:
      m_Calls:
      - m_Target: {fileID: 625015233656414964}
        m_MethodName: TryCancelCurse
        m_Mode: 0
        m_Arguments:
          m_ObjectArgument: {fileID: 0}
          m_ObjectArgumentAssemblyTypeName: UnityEngine.Object, UnityEngine
          m_IntArgument: 0
          m_FloatArgument: 0
          m_StringArgument: 
          m_BoolArgument: 0
        m_CallState: 2
  repeatDelay: 0
--- !u!114 &5139950200161001364
MonoBehaviour:
  m_ObjectHideFlags: 0
  m_CorrespondingSourceObject: {fileID: 0}
  m_PrefabInstance: {fileID: 0}
  m_PrefabAsset: {fileID: 0}
  m_GameObject: {fileID: 625015233656414963}
  m_Enabled: 1
  m_EditorHideFlags: 0
  m_Script: {fileID: 11500000, guid: 08cdfba7c4ba0f24091fdcbfaa2b9fa1, type: 3}
  m_Name: 
  m_EditorClassIdentifier: 
--- !u!205 &1226328846142506212
LODGroup:
  m_ObjectHideFlags: 0
  m_CorrespondingSourceObject: {fileID: 0}
  m_PrefabInstance: {fileID: 0}
  m_PrefabAsset: {fileID: 0}
  m_GameObject: {fileID: 1867600572099132531}
  serializedVersion: 2
  m_LocalReferencePoint: {x: -1.3575747, y: 3.0962849, z: 0.13927397}
  m_Size: 6.1925697
  m_FadeMode: 1
  m_AnimateCrossFading: 1
  m_LastLODIsBillboard: 0
  m_LODs:
  - screenRelativeHeight: 0.04166966
    fadeTransitionWidth: 0
    renderers:
    - renderer: {fileID: 556940970061275536}
    - renderer: {fileID: 1152915561743451230}
  m_Enabled: 1
--- !u!205 &3765003669186097643
LODGroup:
  m_ObjectHideFlags: 0
  m_CorrespondingSourceObject: {fileID: 0}
  m_PrefabInstance: {fileID: 0}
  m_PrefabAsset: {fileID: 0}
  m_GameObject: {fileID: 8907331952509755796}
  serializedVersion: 2
  m_LocalReferencePoint: {x: -1.3575757, y: 3.0962849, z: 0.13926071}
  m_Size: 6.1925697
  m_FadeMode: 1
  m_AnimateCrossFading: 1
  m_LastLODIsBillboard: 0
  m_LODs:
  - screenRelativeHeight: 0.042807464
    fadeTransitionWidth: 0
    renderers:
    - renderer: {fileID: 7335406361003523191}
    - renderer: {fileID: 7893056961097324985}
  m_Enabled: 1
--- !u!1001 &625015234057145366
PrefabInstance:
  m_ObjectHideFlags: 0
  serializedVersion: 2
  m_Modification:
    m_TransformParent: {fileID: 625015233656414966}
    m_Modifications:
    - target: {fileID: 203723022134168164, guid: 7be8cc7e152934296a09e090e2c85791,
        type: 3}
      propertyPath: m_StaticEditorFlags
      value: 16
      objectReference: {fileID: 0}
    - target: {fileID: 416862936557130670, guid: 7be8cc7e152934296a09e090e2c85791,
        type: 3}
      propertyPath: m_AABB.m_Center.x
      value: 0
      objectReference: {fileID: 0}
    - target: {fileID: 416862936557130670, guid: 7be8cc7e152934296a09e090e2c85791,
        type: 3}
      propertyPath: m_AABB.m_Center.y
      value: 0.0000076293945
      objectReference: {fileID: 0}
    - target: {fileID: 416862936557130670, guid: 7be8cc7e152934296a09e090e2c85791,
        type: 3}
      propertyPath: m_AABB.m_Center.z
      value: -0.000015258789
      objectReference: {fileID: 0}
    - target: {fileID: 416862936557130670, guid: 7be8cc7e152934296a09e090e2c85791,
        type: 3}
      propertyPath: m_AABB.m_Extent.x
      value: 5.0000114
      objectReference: {fileID: 0}
    - target: {fileID: 416862936557130670, guid: 7be8cc7e152934296a09e090e2c85791,
        type: 3}
      propertyPath: m_AABB.m_Extent.y
      value: 0.30781588
      objectReference: {fileID: 0}
    - target: {fileID: 416862936557130670, guid: 7be8cc7e152934296a09e090e2c85791,
        type: 3}
      propertyPath: m_AABB.m_Extent.z
      value: 5
      objectReference: {fileID: 0}
    - target: {fileID: 4803827361568592326, guid: 7be8cc7e152934296a09e090e2c85791,
        type: 3}
      propertyPath: m_StaticEditorFlags
      value: 16
      objectReference: {fileID: 0}
    - target: {fileID: 5957766045990724381, guid: 7be8cc7e152934296a09e090e2c85791,
        type: 3}
      propertyPath: m_StaticEditorFlags
      value: 16
      objectReference: {fileID: 0}
    - target: {fileID: 7288307951973848495, guid: 7be8cc7e152934296a09e090e2c85791,
        type: 3}
      propertyPath: m_AABB.m_Center.x
      value: 0
      objectReference: {fileID: 0}
    - target: {fileID: 7288307951973848495, guid: 7be8cc7e152934296a09e090e2c85791,
        type: 3}
      propertyPath: m_AABB.m_Center.y
      value: 0
      objectReference: {fileID: 0}
    - target: {fileID: 7288307951973848495, guid: 7be8cc7e152934296a09e090e2c85791,
        type: 3}
      propertyPath: m_AABB.m_Center.z
      value: 0
      objectReference: {fileID: 0}
    - target: {fileID: 7288307951973848495, guid: 7be8cc7e152934296a09e090e2c85791,
        type: 3}
      propertyPath: m_AABB.m_Extent.x
      value: 1.8000002
      objectReference: {fileID: 0}
    - target: {fileID: 7288307951973848495, guid: 7be8cc7e152934296a09e090e2c85791,
        type: 3}
      propertyPath: m_AABB.m_Extent.y
      value: 1.6653348e-16
      objectReference: {fileID: 0}
    - target: {fileID: 7288307951973848495, guid: 7be8cc7e152934296a09e090e2c85791,
        type: 3}
      propertyPath: m_AABB.m_Extent.z
      value: 1.125
      objectReference: {fileID: 0}
    - target: {fileID: 8300612660663922050, guid: 7be8cc7e152934296a09e090e2c85791,
        type: 3}
      propertyPath: m_Name
      value: Curse Flag Start
      objectReference: {fileID: 0}
    - target: {fileID: 8300612660663922050, guid: 7be8cc7e152934296a09e090e2c85791,
        type: 3}
      propertyPath: m_StaticEditorFlags
      value: 16
      objectReference: {fileID: 0}
    - target: {fileID: 9197184857384490042, guid: 7be8cc7e152934296a09e090e2c85791,
        type: 3}
      propertyPath: m_RootOrder
      value: 0
      objectReference: {fileID: 0}
    - target: {fileID: 9197184857384490042, guid: 7be8cc7e152934296a09e090e2c85791,
        type: 3}
      propertyPath: m_LocalPosition.x
      value: 8.431747
      objectReference: {fileID: 0}
    - target: {fileID: 9197184857384490042, guid: 7be8cc7e152934296a09e090e2c85791,
        type: 3}
      propertyPath: m_LocalPosition.y
      value: -0.90567017
      objectReference: {fileID: 0}
    - target: {fileID: 9197184857384490042, guid: 7be8cc7e152934296a09e090e2c85791,
        type: 3}
      propertyPath: m_LocalPosition.z
      value: 11.739822
      objectReference: {fileID: 0}
    - target: {fileID: 9197184857384490042, guid: 7be8cc7e152934296a09e090e2c85791,
        type: 3}
      propertyPath: m_LocalRotation.w
      value: 1
      objectReference: {fileID: 0}
    - target: {fileID: 9197184857384490042, guid: 7be8cc7e152934296a09e090e2c85791,
        type: 3}
      propertyPath: m_LocalRotation.x
      value: -0
      objectReference: {fileID: 0}
    - target: {fileID: 9197184857384490042, guid: 7be8cc7e152934296a09e090e2c85791,
        type: 3}
      propertyPath: m_LocalRotation.y
      value: -0
      objectReference: {fileID: 0}
    - target: {fileID: 9197184857384490042, guid: 7be8cc7e152934296a09e090e2c85791,
        type: 3}
      propertyPath: m_LocalRotation.z
      value: -0
      objectReference: {fileID: 0}
    - target: {fileID: 9197184857384490042, guid: 7be8cc7e152934296a09e090e2c85791,
        type: 3}
      propertyPath: m_LocalEulerAnglesHint.x
      value: 0
      objectReference: {fileID: 0}
    - target: {fileID: 9197184857384490042, guid: 7be8cc7e152934296a09e090e2c85791,
        type: 3}
      propertyPath: m_LocalEulerAnglesHint.y
      value: 0
      objectReference: {fileID: 0}
    - target: {fileID: 9197184857384490042, guid: 7be8cc7e152934296a09e090e2c85791,
        type: 3}
      propertyPath: m_LocalEulerAnglesHint.z
      value: 0
      objectReference: {fileID: 0}
    m_RemovedComponents: []
  m_SourcePrefab: {fileID: 100100000, guid: 7be8cc7e152934296a09e090e2c85791, type: 3}
--- !u!1 &8907331952509755796 stripped
GameObject:
  m_CorrespondingSourceObject: {fileID: 8300612660663922050, guid: 7be8cc7e152934296a09e090e2c85791,
    type: 3}
  m_PrefabInstance: {fileID: 625015234057145366}
  m_PrefabAsset: {fileID: 0}
--- !u!4 &8578925100922705964 stripped
Transform:
  m_CorrespondingSourceObject: {fileID: 9197184857384490042, guid: 7be8cc7e152934296a09e090e2c85791,
    type: 3}
  m_PrefabInstance: {fileID: 625015234057145366}
  m_PrefabAsset: {fileID: 0}
--- !u!23 &7335406361003523191 stripped
MeshRenderer:
  m_CorrespondingSourceObject: {fileID: 7881327055872094305, guid: 7be8cc7e152934296a09e090e2c85791,
    type: 3}
  m_PrefabInstance: {fileID: 625015234057145366}
  m_PrefabAsset: {fileID: 0}
--- !u!137 &7893056961097324985 stripped
SkinnedMeshRenderer:
  m_CorrespondingSourceObject: {fileID: 7288307951973848495, guid: 7be8cc7e152934296a09e090e2c85791,
    type: 3}
  m_PrefabInstance: {fileID: 625015234057145366}
  m_PrefabAsset: {fileID: 0}
--- !u!1001 &625015234702880944
PrefabInstance:
  m_ObjectHideFlags: 0
  serializedVersion: 2
  m_Modification:
    m_TransformParent: {fileID: 625015233656414966}
    m_Modifications:
    - target: {fileID: 527900353951249646, guid: c4b75038848e74edba189b4b23a42f26,
        type: 3}
      propertyPath: m_AABB.m_Center.x
      value: 0
      objectReference: {fileID: 0}
    - target: {fileID: 527900353951249646, guid: c4b75038848e74edba189b4b23a42f26,
        type: 3}
      propertyPath: m_AABB.m_Center.y
      value: 0
      objectReference: {fileID: 0}
    - target: {fileID: 527900353951249646, guid: c4b75038848e74edba189b4b23a42f26,
        type: 3}
      propertyPath: m_AABB.m_Center.z
      value: 0
      objectReference: {fileID: 0}
    - target: {fileID: 527900353951249646, guid: c4b75038848e74edba189b4b23a42f26,
        type: 3}
      propertyPath: m_AABB.m_Extent.x
      value: 1.8000002
      objectReference: {fileID: 0}
    - target: {fileID: 527900353951249646, guid: c4b75038848e74edba189b4b23a42f26,
        type: 3}
      propertyPath: m_AABB.m_Extent.y
      value: 1.6653348e-16
      objectReference: {fileID: 0}
    - target: {fileID: 1245118682034916547, guid: c4b75038848e74edba189b4b23a42f26,
        type: 3}
      propertyPath: m_Name
      value: Curse Flag Finish
      objectReference: {fileID: 0}
    - target: {fileID: 1245118682034916547, guid: c4b75038848e74edba189b4b23a42f26,
        type: 3}
      propertyPath: m_StaticEditorFlags
      value: 16
      objectReference: {fileID: 0}
    - target: {fileID: 2149563934990824827, guid: c4b75038848e74edba189b4b23a42f26,
        type: 3}
      propertyPath: m_RootOrder
      value: 1
      objectReference: {fileID: 0}
    - target: {fileID: 2149563934990824827, guid: c4b75038848e74edba189b4b23a42f26,
        type: 3}
      propertyPath: m_LocalPosition.x
      value: 7.6017456
      objectReference: {fileID: 0}
    - target: {fileID: 2149563934990824827, guid: c4b75038848e74edba189b4b23a42f26,
        type: 3}
      propertyPath: m_LocalPosition.y
      value: -0.90567017
      objectReference: {fileID: 0}
    - target: {fileID: 2149563934990824827, guid: c4b75038848e74edba189b4b23a42f26,
        type: 3}
      propertyPath: m_LocalPosition.z
      value: 6.43
      objectReference: {fileID: 0}
    - target: {fileID: 2149563934990824827, guid: c4b75038848e74edba189b4b23a42f26,
        type: 3}
      propertyPath: m_LocalRotation.w
      value: 1
      objectReference: {fileID: 0}
    - target: {fileID: 2149563934990824827, guid: c4b75038848e74edba189b4b23a42f26,
        type: 3}
      propertyPath: m_LocalRotation.x
      value: -0
      objectReference: {fileID: 0}
    - target: {fileID: 2149563934990824827, guid: c4b75038848e74edba189b4b23a42f26,
        type: 3}
      propertyPath: m_LocalRotation.y
      value: -0
      objectReference: {fileID: 0}
    - target: {fileID: 2149563934990824827, guid: c4b75038848e74edba189b4b23a42f26,
        type: 3}
      propertyPath: m_LocalRotation.z
      value: -0
      objectReference: {fileID: 0}
    - target: {fileID: 2149563934990824827, guid: c4b75038848e74edba189b4b23a42f26,
        type: 3}
      propertyPath: m_LocalEulerAnglesHint.x
      value: 0
      objectReference: {fileID: 0}
    - target: {fileID: 2149563934990824827, guid: c4b75038848e74edba189b4b23a42f26,
        type: 3}
      propertyPath: m_LocalEulerAnglesHint.y
      value: 0
      objectReference: {fileID: 0}
    - target: {fileID: 2149563934990824827, guid: c4b75038848e74edba189b4b23a42f26,
        type: 3}
      propertyPath: m_LocalEulerAnglesHint.z
      value: 0
      objectReference: {fileID: 0}
    - target: {fileID: 2367943890637844615, guid: c4b75038848e74edba189b4b23a42f26,
        type: 3}
      propertyPath: m_StaticEditorFlags
      value: 16
      objectReference: {fileID: 0}
    - target: {fileID: 3519566697557541468, guid: c4b75038848e74edba189b4b23a42f26,
        type: 3}
      propertyPath: m_StaticEditorFlags
      value: 16
      objectReference: {fileID: 0}
    - target: {fileID: 6964248268708457253, guid: c4b75038848e74edba189b4b23a42f26,
        type: 3}
      propertyPath: m_StaticEditorFlags
      value: 16
      objectReference: {fileID: 0}
    - target: {fileID: 7475624935669166831, guid: c4b75038848e74edba189b4b23a42f26,
        type: 3}
      propertyPath: m_AABB.m_Center.x
      value: 0
      objectReference: {fileID: 0}
    - target: {fileID: 7475624935669166831, guid: c4b75038848e74edba189b4b23a42f26,
        type: 3}
      propertyPath: m_AABB.m_Center.y
      value: -0.0000076293945
      objectReference: {fileID: 0}
    - target: {fileID: 7475624935669166831, guid: c4b75038848e74edba189b4b23a42f26,
        type: 3}
      propertyPath: m_AABB.m_Center.z
      value: -0.000015258789
      objectReference: {fileID: 0}
    - target: {fileID: 7475624935669166831, guid: c4b75038848e74edba189b4b23a42f26,
        type: 3}
      propertyPath: m_AABB.m_Extent.x
      value: 5.0000114
      objectReference: {fileID: 0}
    - target: {fileID: 7475624935669166831, guid: c4b75038848e74edba189b4b23a42f26,
        type: 3}
      propertyPath: m_AABB.m_Extent.y
      value: 0.30781588
      objectReference: {fileID: 0}
    m_RemovedComponents: []
  m_SourcePrefab: {fileID: 100100000, guid: c4b75038848e74edba189b4b23a42f26, type: 3}
--- !u!1 &1867600572099132531 stripped
GameObject:
  m_CorrespondingSourceObject: {fileID: 1245118682034916547, guid: c4b75038848e74edba189b4b23a42f26,
    type: 3}
  m_PrefabInstance: {fileID: 625015234702880944}
  m_PrefabAsset: {fileID: 0}
--- !u!4 &1547066778976404939 stripped
Transform:
  m_CorrespondingSourceObject: {fileID: 2149563934990824827, guid: c4b75038848e74edba189b4b23a42f26,
    type: 3}
  m_PrefabInstance: {fileID: 625015234702880944}
  m_PrefabAsset: {fileID: 0}
--- !u!23 &556940970061275536 stripped
MeshRenderer:
  m_CorrespondingSourceObject: {fileID: 1087099068858044704, guid: c4b75038848e74edba189b4b23a42f26,
    type: 3}
  m_PrefabInstance: {fileID: 625015234702880944}
  m_PrefabAsset: {fileID: 0}
--- !u!137 &1152915561743451230 stripped
SkinnedMeshRenderer:
  m_CorrespondingSourceObject: {fileID: 527900353951249646, guid: c4b75038848e74edba189b4b23a42f26,
    type: 3}
  m_PrefabInstance: {fileID: 625015234702880944}
  m_PrefabAsset: {fileID: 0}
