%YAML 1.1
%TAG !u! tag:unity3d.com,2011:
--- !u!245 &-8718280319576550911
AudioMixerSnapshotController:
  m_ObjectHideFlags: 0
  m_CorrespondingSourceObject: {fileID: 0}
  m_PrefabInstance: {fileID: 0}
  m_PrefabAsset: {fileID: 0}
  m_Name: Music Death Distort
  m_AudioMixer: {fileID: 24100000}
  m_SnapshotID: a06f956a8c0ecf647a767e78c4021a0a
  m_FloatValues:
    2ca73ea2bf63700499a7714ebb9fb2cd: -151
    d16a93e2eb8ea194ca368f2121969a69: 1
    089286138e4eae9418b71f4f18a350ce: -78.18065
    bc9635338485f7a488b5fe994bbac1de: -10000
    bda9b363266938a41a6e599e5b532267: 5000
    97652f73d6f37a442b3a2ca8b4dca089: 0.5
    1ccacb8339160024ea4c627a0d4f180a: 100
    b421c4b3f2a35f642931b23da385142c: 1
    47765034697523f4a989d0cab2aecc7c: 100
    298f1134fd2688e4185ebdfaf9c13e1e: 774
    d7258d9419b907a4e9a9266257ef117c: 22000
    c45163165e2eb40d09789575b27100a7: 0
    315cd926daf5d4242952638446663810: 2
    a227fac649faf7142b1ee3bce34534f4: 4.7023735
    f8aa57f65534ab5478427d526344b6cd: 0.3
    bf928df63c7b6664eb61a023ae72c54d: 0.03
    06719147ad871f0409be3086557730d2: 774
    0aee1e77154389a45a2d9027376f50ec: 0
    7e892d0881cd68643bd87403de64b2c3: 0
    90047c684e7446c4bb77a311fed089eb: 250
    c32e4fa83ebff2b42be225d8afa77284: -151
    664e3cd808da8704db48c182cbda263c: -626
    ba3ed5295b696ff4ba96b577680b4c7c: 0
    dc9873891cb103244922903359650347: -1000
    23bff299a78b33044bdfc31068708719: 1
    30986cda2caced14e90c696b36241c76: 2
    1c67d78bfa306424995b19cae7348a6d: 0.1
    ae391eab2b8d87d48bacfa65e49a4b4d: 1.8
    bf3cf23d0e77045459e9e887b383a344: 0.1
    d1786d3d999b15e44897176dcace516d: 10
    7f7ba1ad8075d49438aec30fab8a173a: -1000
    7d2f20dd6d73da04b95025de6ce20749: 10
    9a6bcdfdc1fbca146bd53da410cfb257: -626
    0ccfd82ed22c8452596b6a01aa629ac5: 0
    b4d54dde3fd5cf74a9ed8e60496d5b5d: 1
    3f65d70f1e3fe5542a4567c6bb05b6ed: 0.03
  m_TransitionOverrides: {}
--- !u!243 &-7700847260719282321
AudioMixerGroupController:
  m_ObjectHideFlags: 0
  m_CorrespondingSourceObject: {fileID: 0}
  m_PrefabInstance: {fileID: 0}
  m_PrefabAsset: {fileID: 0}
  m_Name: VO
  m_AudioMixer: {fileID: 24100000}
  m_GroupID: ed2d409fae15fd745baeaf0aeb938619
  m_Children: []
  m_Volume: a227fac649faf7142b1ee3bce34534f4
  m_Pitch: 6549338b40147314b92eeb2dde26d374
  m_Send: 00000000000000000000000000000000
  m_Effects:
  - {fileID: -5258051544779319477}
  m_UserColorIndex: 0
  m_Mute: 0
  m_Solo: 0
  m_BypassEffects: 0
--- !u!245 &-7296499967295571120
AudioMixerSnapshotController:
  m_ObjectHideFlags: 0
  m_CorrespondingSourceObject: {fileID: 0}
  m_PrefabInstance: {fileID: 0}
  m_PrefabAsset: {fileID: 0}
  m_Name: Arcade - Exterior
  m_AudioMixer: {fileID: 24100000}
  m_SnapshotID: 5e345b3b0dac75648bd6036cc6f9f6fd
  m_FloatValues:
    d1019480a4d513641a81631b39cbc5c7: -7737
    d2d6cca05f9d9204a983e173681aa5f3: -800
    b0bd6f312c304e547b0e5d17ef465a44: 76.2
    cf998371ea52b654eb211915b5b29491: 10
    7af76ec15c533834388f0ec820a282ca: 2.13
    2ca73ea2bf63700499a7714ebb9fb2cd: -151
    d16a93e2eb8ea194ca368f2121969a69: 0
    089286138e4eae9418b71f4f18a350ce: -78.18065
    bc9635338485f7a488b5fe994bbac1de: -10000
    bda9b363266938a41a6e599e5b532267: 5000
    97652f73d6f37a442b3a2ca8b4dca089: 1
    1ccacb8339160024ea4c627a0d4f180a: 100
    309e5d83e8ca1c748930dd58551dc151: 0.011
    925e9aa3c6d899643bf273723f96184d: 1.49
    2084f2f3a9f5df54d81df608f2baa4bd: 50
    57d4daf32f1797f48afbc8a2c8612cdd: -1000
    47765034697523f4a989d0cab2aecc7c: 100
    298f1134fd2688e4185ebdfaf9c13e1e: 774
    19f69a54029c9f446acdf0cba555951c: -313
    d7258d9419b907a4e9a9266257ef117c: 22000
    d5cf8bd4cbebdf642af78e0e455997bc: -2273
    7b2433d576329bb48bc52f02ccaf7b77: 0.904
    a32b0706168af474d8e4f0dda5ddd937: -800
    c45163165e2eb40d09789575b27100a7: 0
    315cd926daf5d4242952638446663810: 2
    b5b34746b72e63c4e94e42a4c6172fbd: 0.049
    a227fac649faf7142b1ee3bce34534f4: 5
    bf928df63c7b6664eb61a023ae72c54d: 0.03
    06719147ad871f0409be3086557730d2: 774
    0aee1e77154389a45a2d9027376f50ec: 0
    7e892d0881cd68643bd87403de64b2c3: 0
    90047c684e7446c4bb77a311fed089eb: 250
    c32e4fa83ebff2b42be225d8afa77284: -151
    664e3cd808da8704db48c182cbda263c: -626
    c929f80959871184fbc09e8f42e5c790: 0.01
    ba3ed5295b696ff4ba96b577680b4c7c: 0
    dc9873891cb103244922903359650347: -1000
    23bff299a78b33044bdfc31068708719: 1
    ae5fcd1a605032b4daa3824bc9187f6d: -1691
    30986cda2caced14e90c696b36241c76: 2
    1c67d78bfa306424995b19cae7348a6d: 0.1
    ff18a89bbeaa12a419335a515824c304: 19.3
    bf3cf23d0e77045459e9e887b383a344: 0.1
    d1786d3d999b15e44897176dcace516d: 1225
    c12d928d60bb407408f4854863c1ada7: -1691
    d99a989d15f923f4a9a493055bcc0873: 0.01
    7f7ba1ad8075d49438aec30fab8a173a: -1000
    420fa0cd3e817c14aacb98ec9beb334c: 0.67
    7d2f20dd6d73da04b95025de6ce20749: 361
    9a6bcdfdc1fbca146bd53da410cfb257: -626
    0ccfd82ed22c8452596b6a01aa629ac5: 0
    fda8734e4dd5d9443ab7d4f862c6f76c: 1.49
    b4d54dde3fd5cf74a9ed8e60496d5b5d: 1
    3f65d70f1e3fe5542a4567c6bb05b6ed: 0.03
    ef20608fe06fd874991c699ac07201e0: 0.67
  m_TransitionOverrides: {}
--- !u!245 &-6268612233637478485
AudioMixerSnapshotController:
  m_ObjectHideFlags: 0
  m_CorrespondingSourceObject: {fileID: 0}
  m_PrefabInstance: {fileID: 0}
  m_PrefabAsset: {fileID: 0}
  m_Name: Arena - Exterior
  m_AudioMixer: {fileID: 24100000}
  m_SnapshotID: fe6c1c50970a01641a5a05d313c13c4e
  m_FloatValues:
    d1019480a4d513641a81631b39cbc5c7: -1166
    d2d6cca05f9d9204a983e173681aa5f3: -800
    2ca73ea2bf63700499a7714ebb9fb2cd: -151
    d16a93e2eb8ea194ca368f2121969a69: 0
    089286138e4eae9418b71f4f18a350ce: -78.18065
    bc9635338485f7a488b5fe994bbac1de: -10000
    bda9b363266938a41a6e599e5b532267: 5000
    97652f73d6f37a442b3a2ca8b4dca089: 1
    1ccacb8339160024ea4c627a0d4f180a: 100
    309e5d83e8ca1c748930dd58551dc151: 0.03
    925e9aa3c6d899643bf273723f96184d: 1.49
    2084f2f3a9f5df54d81df608f2baa4bd: 50
    57d4daf32f1797f48afbc8a2c8612cdd: -1000
    47765034697523f4a989d0cab2aecc7c: 100
    298f1134fd2688e4185ebdfaf9c13e1e: 774
    19f69a54029c9f446acdf0cba555951c: -1000
    d7258d9419b907a4e9a9266257ef117c: 22000
    d5cf8bd4cbebdf642af78e0e455997bc: -2273
    a32b0706168af474d8e4f0dda5ddd937: -698
    c45163165e2eb40d09789575b27100a7: 0
    315cd926daf5d4242952638446663810: 2
    b5b34746b72e63c4e94e42a4c6172fbd: 0.02
    a227fac649faf7142b1ee3bce34534f4: 5
    bf928df63c7b6664eb61a023ae72c54d: 0.03
    06719147ad871f0409be3086557730d2: 774
    0aee1e77154389a45a2d9027376f50ec: 0
    7e892d0881cd68643bd87403de64b2c3: 0
    90047c684e7446c4bb77a311fed089eb: 250
    c32e4fa83ebff2b42be225d8afa77284: -151
    664e3cd808da8704db48c182cbda263c: -626
    c929f80959871184fbc09e8f42e5c790: 0.01
    ba3ed5295b696ff4ba96b577680b4c7c: 0
    dc9873891cb103244922903359650347: -1000
    23bff299a78b33044bdfc31068708719: 1
    ae5fcd1a605032b4daa3824bc9187f6d: -1691
    30986cda2caced14e90c696b36241c76: 2
    1c67d78bfa306424995b19cae7348a6d: 0.1
    ff18a89bbeaa12a419335a515824c304: 50
    bf3cf23d0e77045459e9e887b383a344: 0.1
    d1786d3d999b15e44897176dcace516d: 10
    c12d928d60bb407408f4854863c1ada7: 16
    d99a989d15f923f4a9a493055bcc0873: 0.01
    7f7ba1ad8075d49438aec30fab8a173a: -1000
    420fa0cd3e817c14aacb98ec9beb334c: 0.67
    7d2f20dd6d73da04b95025de6ce20749: 10
    9a6bcdfdc1fbca146bd53da410cfb257: -626
    0ccfd82ed22c8452596b6a01aa629ac5: 0
    fda8734e4dd5d9443ab7d4f862c6f76c: 3
    b4d54dde3fd5cf74a9ed8e60496d5b5d: 1
    3f65d70f1e3fe5542a4567c6bb05b6ed: 0.03
    ef20608fe06fd874991c699ac07201e0: 0.33
  m_TransitionOverrides: {}
--- !u!245 &-5816441640758046085
AudioMixerSnapshotController:
  m_ObjectHideFlags: 0
  m_CorrespondingSourceObject: {fileID: 0}
  m_PrefabInstance: {fileID: 0}
  m_PrefabAsset: {fileID: 0}
  m_Name: Armadageddon - Exterior
  m_AudioMixer: {fileID: 24100000}
  m_SnapshotID: 4bbba49767fb5a04b85acee884f81b85
  m_FloatValues:
    d1019480a4d513641a81631b39cbc5c7: -6280
    d2d6cca05f9d9204a983e173681aa5f3: -800
    b0bd6f312c304e547b0e5d17ef465a44: 100
    2ca73ea2bf63700499a7714ebb9fb2cd: -151
    365243b2fa351c24a9205ab8d89d1869: 0
    d16a93e2eb8ea194ca368f2121969a69: 0
    089286138e4eae9418b71f4f18a350ce: -78.18065
    bc9635338485f7a488b5fe994bbac1de: -10000
    bda9b363266938a41a6e599e5b532267: 5000
    97652f73d6f37a442b3a2ca8b4dca089: 1
    1ccacb8339160024ea4c627a0d4f180a: 100
    309e5d83e8ca1c748930dd58551dc151: 0
    925e9aa3c6d899643bf273723f96184d: 1.49
    2084f2f3a9f5df54d81df608f2baa4bd: 50
    57d4daf32f1797f48afbc8a2c8612cdd: -1000
    47765034697523f4a989d0cab2aecc7c: 100
    298f1134fd2688e4185ebdfaf9c13e1e: 774
    19f69a54029c9f446acdf0cba555951c: -1000
    d7258d9419b907a4e9a9266257ef117c: 22000
    d5cf8bd4cbebdf642af78e0e455997bc: -2273
    e4894fe570180af43bcefb103e552fa9: 3536
    a32b0706168af474d8e4f0dda5ddd937: -2150
    c45163165e2eb40d09789575b27100a7: 0
    315cd926daf5d4242952638446663810: 2
    b5b34746b72e63c4e94e42a4c6172fbd: 0.12
    a227fac649faf7142b1ee3bce34534f4: 5
    bf928df63c7b6664eb61a023ae72c54d: 0.03
    06719147ad871f0409be3086557730d2: 774
    0aee1e77154389a45a2d9027376f50ec: 0
    7e892d0881cd68643bd87403de64b2c3: 0
    90047c684e7446c4bb77a311fed089eb: 250
    c32e4fa83ebff2b42be225d8afa77284: -151
    664e3cd808da8704db48c182cbda263c: -626
    c929f80959871184fbc09e8f42e5c790: 0.01
    ba3ed5295b696ff4ba96b577680b4c7c: 0
    dc9873891cb103244922903359650347: -1000
    23bff299a78b33044bdfc31068708719: 1
    ae5fcd1a605032b4daa3824bc9187f6d: -1691
    30986cda2caced14e90c696b36241c76: 2
    1c67d78bfa306424995b19cae7348a6d: 0.1
    ff18a89bbeaa12a419335a515824c304: 92.5
    bf3cf23d0e77045459e9e887b383a344: 0.1
    d1786d3d999b15e44897176dcace516d: 10
    c12d928d60bb407408f4854863c1ada7: -1900
    d99a989d15f923f4a9a493055bcc0873: 0.01
    7f7ba1ad8075d49438aec30fab8a173a: -1000
    420fa0cd3e817c14aacb98ec9beb334c: 0.67
    9a6bcdfdc1fbca146bd53da410cfb257: -626
    0ccfd82ed22c8452596b6a01aa629ac5: 0
    fda8734e4dd5d9443ab7d4f862c6f76c: 1.49
    b4d54dde3fd5cf74a9ed8e60496d5b5d: 1
    3f65d70f1e3fe5542a4567c6bb05b6ed: 0.03
    ef20608fe06fd874991c699ac07201e0: 0.7
  m_TransitionOverrides: {}
--- !u!244 &-5258051544779319477
AudioMixerEffectController:
  m_ObjectHideFlags: 3
  m_CorrespondingSourceObject: {fileID: 0}
  m_PrefabInstance: {fileID: 0}
  m_PrefabAsset: {fileID: 0}
  m_Name: 
  m_EffectID: 2fed05ffdfe2747428f76293133fa8e3
  m_EffectName: Attenuation
  m_MixLevel: b03316e0078a0044f988a0eac55ac40c
  m_Parameters: []
  m_SendTarget: {fileID: 0}
  m_EnableWetMix: 0
  m_Bypass: 0
--- !u!245 &-4192594933556606113
AudioMixerSnapshotController:
  m_ObjectHideFlags: 0
  m_CorrespondingSourceObject: {fileID: 0}
  m_PrefabInstance: {fileID: 0}
  m_PrefabAsset: {fileID: 0}
  m_Name: New Neo City - Exterior
  m_AudioMixer: {fileID: 24100000}
  m_SnapshotID: cca891ecb65747c4bb80bc61017919f5
  m_FloatValues:
    d1019480a4d513641a81631b39cbc5c7: -2273
    d2d6cca05f9d9204a983e173681aa5f3: -800
    b0bd6f312c304e547b0e5d17ef465a44: 100
    2ca73ea2bf63700499a7714ebb9fb2cd: -151
    365243b2fa351c24a9205ab8d89d1869: 0
    d16a93e2eb8ea194ca368f2121969a69: 0
    089286138e4eae9418b71f4f18a350ce: -78.18065
    bc9635338485f7a488b5fe994bbac1de: -10000
    bda9b363266938a41a6e599e5b532267: 5000
    97652f73d6f37a442b3a2ca8b4dca089: 1
    1ccacb8339160024ea4c627a0d4f180a: 100
    309e5d83e8ca1c748930dd58551dc151: 0.011
    925e9aa3c6d899643bf273723f96184d: 1.49
    2084f2f3a9f5df54d81df608f2baa4bd: 50
    57d4daf32f1797f48afbc8a2c8612cdd: -1000
    47765034697523f4a989d0cab2aecc7c: 100
    298f1134fd2688e4185ebdfaf9c13e1e: 774
    19f69a54029c9f446acdf0cba555951c: -1000
    d7258d9419b907a4e9a9266257ef117c: 22000
    d5cf8bd4cbebdf642af78e0e455997bc: -2273
    e4894fe570180af43bcefb103e552fa9: 5000
    a32b0706168af474d8e4f0dda5ddd937: -800
    c45163165e2eb40d09789575b27100a7: 0
    315cd926daf5d4242952638446663810: 2
    b5b34746b72e63c4e94e42a4c6172fbd: 0.007
    a227fac649faf7142b1ee3bce34534f4: 5
    bf928df63c7b6664eb61a023ae72c54d: 0.03
    06719147ad871f0409be3086557730d2: 774
    0aee1e77154389a45a2d9027376f50ec: 0
    7e892d0881cd68643bd87403de64b2c3: 0
    90047c684e7446c4bb77a311fed089eb: 250
    c32e4fa83ebff2b42be225d8afa77284: -151
    664e3cd808da8704db48c182cbda263c: -626
    c929f80959871184fbc09e8f42e5c790: 0.01
    ba3ed5295b696ff4ba96b577680b4c7c: 0
    dc9873891cb103244922903359650347: -1000
    23bff299a78b33044bdfc31068708719: 1
    ae5fcd1a605032b4daa3824bc9187f6d: -1691
    30986cda2caced14e90c696b36241c76: 2
    1c67d78bfa306424995b19cae7348a6d: 0.1
    ff18a89bbeaa12a419335a515824c304: 50
    bf3cf23d0e77045459e9e887b383a344: 0.1
    d1786d3d999b15e44897176dcace516d: 10
    c12d928d60bb407408f4854863c1ada7: -1691
    d99a989d15f923f4a9a493055bcc0873: 0.01
    7f7ba1ad8075d49438aec30fab8a173a: -1000
    420fa0cd3e817c14aacb98ec9beb334c: 0.67
    9a6bcdfdc1fbca146bd53da410cfb257: -626
    0ccfd82ed22c8452596b6a01aa629ac5: 0
    fda8734e4dd5d9443ab7d4f862c6f76c: 1.49
    b4d54dde3fd5cf74a9ed8e60496d5b5d: 1
    3f65d70f1e3fe5542a4567c6bb05b6ed: 0.03
    ef20608fe06fd874991c699ac07201e0: 0.67
  m_TransitionOverrides: {}
--- !u!245 &-3775239117592995804
AudioMixerSnapshotController:
  m_ObjectHideFlags: 0
  m_CorrespondingSourceObject: {fileID: 0}
  m_PrefabInstance: {fileID: 0}
  m_PrefabAsset: {fileID: 0}
  m_Name: DK Areas - Exterior
  m_AudioMixer: {fileID: 24100000}
  m_SnapshotID: abbd0590401f37444877a2bf2a3cb063
  m_FloatValues:
    d1019480a4d513641a81631b39cbc5c7: -7737
    d2d6cca05f9d9204a983e173681aa5f3: -800
    b0bd6f312c304e547b0e5d17ef465a44: 76.2
    2ca73ea2bf63700499a7714ebb9fb2cd: -151
    d16a93e2eb8ea194ca368f2121969a69: 0
    089286138e4eae9418b71f4f18a350ce: -78.18065
    bc9635338485f7a488b5fe994bbac1de: -10000
    bda9b363266938a41a6e599e5b532267: 5000
    97652f73d6f37a442b3a2ca8b4dca089: 1
    1ccacb8339160024ea4c627a0d4f180a: 100
    309e5d83e8ca1c748930dd58551dc151: 0.011
    925e9aa3c6d899643bf273723f96184d: 1.49
    2084f2f3a9f5df54d81df608f2baa4bd: 50
    57d4daf32f1797f48afbc8a2c8612cdd: -1000
    47765034697523f4a989d0cab2aecc7c: 100
    298f1134fd2688e4185ebdfaf9c13e1e: 774
    19f69a54029c9f446acdf0cba555951c: -313
    d7258d9419b907a4e9a9266257ef117c: 22000
    d5cf8bd4cbebdf642af78e0e455997bc: -2273
    a32b0706168af474d8e4f0dda5ddd937: -800
    c45163165e2eb40d09789575b27100a7: 0
    315cd926daf5d4242952638446663810: 2
    b5b34746b72e63c4e94e42a4c6172fbd: 0.049
    a227fac649faf7142b1ee3bce34534f4: 5
    bf928df63c7b6664eb61a023ae72c54d: 0.03
    06719147ad871f0409be3086557730d2: 774
    0aee1e77154389a45a2d9027376f50ec: 0
    7e892d0881cd68643bd87403de64b2c3: 0
    90047c684e7446c4bb77a311fed089eb: 250
    c32e4fa83ebff2b42be225d8afa77284: -151
    664e3cd808da8704db48c182cbda263c: -626
    c929f80959871184fbc09e8f42e5c790: 0.01
    ba3ed5295b696ff4ba96b577680b4c7c: 0
    dc9873891cb103244922903359650347: -1000
    23bff299a78b33044bdfc31068708719: 1
    ae5fcd1a605032b4daa3824bc9187f6d: -1691
    30986cda2caced14e90c696b36241c76: 2
    1c67d78bfa306424995b19cae7348a6d: 0.1
    ff18a89bbeaa12a419335a515824c304: 19.3
    bf3cf23d0e77045459e9e887b383a344: 0.1
    d1786d3d999b15e44897176dcace516d: 10
    c12d928d60bb407408f4854863c1ada7: -1691
    d99a989d15f923f4a9a493055bcc0873: 0.01
    7f7ba1ad8075d49438aec30fab8a173a: -1000
    420fa0cd3e817c14aacb98ec9beb334c: 0.67
    9a6bcdfdc1fbca146bd53da410cfb257: -626
    0ccfd82ed22c8452596b6a01aa629ac5: 0
    fda8734e4dd5d9443ab7d4f862c6f76c: 6
    b4d54dde3fd5cf74a9ed8e60496d5b5d: 1
    3f65d70f1e3fe5542a4567c6bb05b6ed: 0.03
    ef20608fe06fd874991c699ac07201e0: 1
  m_TransitionOverrides: {}
--- !u!245 &-3483348043961593077
AudioMixerSnapshotController:
  m_ObjectHideFlags: 0
  m_CorrespondingSourceObject: {fileID: 0}
  m_PrefabInstance: {fileID: 0}
  m_PrefabAsset: {fileID: 0}
  m_Name: MiniChallenge - Exterior
  m_AudioMixer: {fileID: 24100000}
  m_SnapshotID: 5a7c161323167734cbd500a4d104cc79
  m_FloatValues:
    d1019480a4d513641a81631b39cbc5c7: -7737
    d2d6cca05f9d9204a983e173681aa5f3: -800
    b0bd6f312c304e547b0e5d17ef465a44: 76.2
    cf998371ea52b654eb211915b5b29491: 10
    7af76ec15c533834388f0ec820a282ca: 1
    2ca73ea2bf63700499a7714ebb9fb2cd: -151
    d16a93e2eb8ea194ca368f2121969a69: 0
    089286138e4eae9418b71f4f18a350ce: -78.18065
    bc9635338485f7a488b5fe994bbac1de: -10000
    bda9b363266938a41a6e599e5b532267: 5000
    97652f73d6f37a442b3a2ca8b4dca089: 1
    1ccacb8339160024ea4c627a0d4f180a: 100
    309e5d83e8ca1c748930dd58551dc151: 0.011
    925e9aa3c6d899643bf273723f96184d: 1.49
    2084f2f3a9f5df54d81df608f2baa4bd: 50
    57d4daf32f1797f48afbc8a2c8612cdd: -1000
    47765034697523f4a989d0cab2aecc7c: 100
    298f1134fd2688e4185ebdfaf9c13e1e: 774
    19f69a54029c9f446acdf0cba555951c: -313
    d7258d9419b907a4e9a9266257ef117c: 22000
    d5cf8bd4cbebdf642af78e0e455997bc: -2273
    7b2433d576329bb48bc52f02ccaf7b77: 0.904
    a32b0706168af474d8e4f0dda5ddd937: -800
    c45163165e2eb40d09789575b27100a7: 0
    315cd926daf5d4242952638446663810: 2
    b5b34746b72e63c4e94e42a4c6172fbd: 0.049
    a227fac649faf7142b1ee3bce34534f4: 5
    bf928df63c7b6664eb61a023ae72c54d: 0.03
    06719147ad871f0409be3086557730d2: 774
    0aee1e77154389a45a2d9027376f50ec: 0
    7e892d0881cd68643bd87403de64b2c3: 0
    90047c684e7446c4bb77a311fed089eb: 250
    c32e4fa83ebff2b42be225d8afa77284: -151
    664e3cd808da8704db48c182cbda263c: -626
    c929f80959871184fbc09e8f42e5c790: 0.01
    ba3ed5295b696ff4ba96b577680b4c7c: 0
    dc9873891cb103244922903359650347: -1000
    23bff299a78b33044bdfc31068708719: 1
    ae5fcd1a605032b4daa3824bc9187f6d: -1691
    30986cda2caced14e90c696b36241c76: 2
    1c67d78bfa306424995b19cae7348a6d: 0.1
    ff18a89bbeaa12a419335a515824c304: 19.3
    bf3cf23d0e77045459e9e887b383a344: 0.1
    d1786d3d999b15e44897176dcace516d: 10
    c12d928d60bb407408f4854863c1ada7: -1691
    d99a989d15f923f4a9a493055bcc0873: 0.01
    7f7ba1ad8075d49438aec30fab8a173a: -1000
    420fa0cd3e817c14aacb98ec9beb334c: 0.67
    7d2f20dd6d73da04b95025de6ce20749: 361
    9a6bcdfdc1fbca146bd53da410cfb257: -626
    0ccfd82ed22c8452596b6a01aa629ac5: 0
    fda8734e4dd5d9443ab7d4f862c6f76c: 1.49
    b4d54dde3fd5cf74a9ed8e60496d5b5d: 1
    3f65d70f1e3fe5542a4567c6bb05b6ed: 0.03
    ef20608fe06fd874991c699ac07201e0: 0.67
  m_TransitionOverrides: {}
--- !u!245 &-2645156862767687634
AudioMixerSnapshotController:
  m_ObjectHideFlags: 0
  m_CorrespondingSourceObject: {fileID: 0}
  m_PrefabInstance: {fileID: 0}
  m_PrefabAsset: {fileID: 0}
  m_Name: Forktown - Exterior
  m_AudioMixer: {fileID: 24100000}
  m_SnapshotID: ab573089e22b56a468614c161a061f11
  m_FloatValues:
    d1019480a4d513641a81631b39cbc5c7: -2273
    d2d6cca05f9d9204a983e173681aa5f3: -800
    2ca73ea2bf63700499a7714ebb9fb2cd: -151
    d16a93e2eb8ea194ca368f2121969a69: 0
    089286138e4eae9418b71f4f18a350ce: -78.18065
    bc9635338485f7a488b5fe994bbac1de: -10000
    bda9b363266938a41a6e599e5b532267: 5000
    97652f73d6f37a442b3a2ca8b4dca089: 1
    1ccacb8339160024ea4c627a0d4f180a: 100
    309e5d83e8ca1c748930dd58551dc151: 0.011
    925e9aa3c6d899643bf273723f96184d: 1.49
    2084f2f3a9f5df54d81df608f2baa4bd: 50
    57d4daf32f1797f48afbc8a2c8612cdd: -1000
    47765034697523f4a989d0cab2aecc7c: 100
    298f1134fd2688e4185ebdfaf9c13e1e: 774
    19f69a54029c9f446acdf0cba555951c: -1000
    d7258d9419b907a4e9a9266257ef117c: 22000
    d5cf8bd4cbebdf642af78e0e455997bc: -2273
    a32b0706168af474d8e4f0dda5ddd937: -800
    c45163165e2eb40d09789575b27100a7: 0
    315cd926daf5d4242952638446663810: 2
    b5b34746b72e63c4e94e42a4c6172fbd: 0.007
    a227fac649faf7142b1ee3bce34534f4: 5
    bf928df63c7b6664eb61a023ae72c54d: 0.03
    06719147ad871f0409be3086557730d2: 774
    0aee1e77154389a45a2d9027376f50ec: 0
    7e892d0881cd68643bd87403de64b2c3: 0
    90047c684e7446c4bb77a311fed089eb: 250
    c32e4fa83ebff2b42be225d8afa77284: -151
    664e3cd808da8704db48c182cbda263c: -626
    c929f80959871184fbc09e8f42e5c790: 0.01
    ba3ed5295b696ff4ba96b577680b4c7c: 0
    dc9873891cb103244922903359650347: -1000
    23bff299a78b33044bdfc31068708719: 1
    ae5fcd1a605032b4daa3824bc9187f6d: -1691
    30986cda2caced14e90c696b36241c76: 2
    1c67d78bfa306424995b19cae7348a6d: 0.1
    ff18a89bbeaa12a419335a515824c304: 50
    bf3cf23d0e77045459e9e887b383a344: 0.1
    d1786d3d999b15e44897176dcace516d: 10
    c12d928d60bb407408f4854863c1ada7: -1691
    d99a989d15f923f4a9a493055bcc0873: 0.01
    7f7ba1ad8075d49438aec30fab8a173a: -1000
    420fa0cd3e817c14aacb98ec9beb334c: 0.67
    7d2f20dd6d73da04b95025de6ce20749: 10
    9a6bcdfdc1fbca146bd53da410cfb257: -626
    0ccfd82ed22c8452596b6a01aa629ac5: 0
    fda8734e4dd5d9443ab7d4f862c6f76c: 1.49
    b4d54dde3fd5cf74a9ed8e60496d5b5d: 1
    3f65d70f1e3fe5542a4567c6bb05b6ed: 0.03
    ef20608fe06fd874991c699ac07201e0: 0.67
  m_TransitionOverrides: {}
--- !u!245 &-1602393825061722642
AudioMixerSnapshotController:
  m_ObjectHideFlags: 0
  m_CorrespondingSourceObject: {fileID: 0}
  m_PrefabInstance: {fileID: 0}
  m_PrefabAsset: {fileID: 0}
  m_Name: Music Lowpass - Curse Zone
  m_AudioMixer: {fileID: 24100000}
  m_SnapshotID: dc8dd18e651f4e94c8248dd7319837fd
  m_FloatValues:
    d1019480a4d513641a81631b39cbc5c7: -7737
    d2d6cca05f9d9204a983e173681aa5f3: -800
    b0bd6f312c304e547b0e5d17ef465a44: 76.2
    2ca73ea2bf63700499a7714ebb9fb2cd: -151
    d16a93e2eb8ea194ca368f2121969a69: 0
    089286138e4eae9418b71f4f18a350ce: -78.18065
    bc9635338485f7a488b5fe994bbac1de: -10000
    bda9b363266938a41a6e599e5b532267: 5000
    97652f73d6f37a442b3a2ca8b4dca089: 1
    1ccacb8339160024ea4c627a0d4f180a: 100
    309e5d83e8ca1c748930dd58551dc151: 0.03
    925e9aa3c6d899643bf273723f96184d: 1.49
    2084f2f3a9f5df54d81df608f2baa4bd: 50
    57d4daf32f1797f48afbc8a2c8612cdd: -1000
    47765034697523f4a989d0cab2aecc7c: 100
    298f1134fd2688e4185ebdfaf9c13e1e: 774
    19f69a54029c9f446acdf0cba555951c: -313
    d7258d9419b907a4e9a9266257ef117c: 1100
    d5cf8bd4cbebdf642af78e0e455997bc: -2273
    a32b0706168af474d8e4f0dda5ddd937: -800
    c45163165e2eb40d09789575b27100a7: 0
    315cd926daf5d4242952638446663810: 2
    b5b34746b72e63c4e94e42a4c6172fbd: 0.049
    a227fac649faf7142b1ee3bce34534f4: 5
    bf928df63c7b6664eb61a023ae72c54d: 0.03
    06719147ad871f0409be3086557730d2: 774
    0aee1e77154389a45a2d9027376f50ec: 0
    7e892d0881cd68643bd87403de64b2c3: 0
    90047c684e7446c4bb77a311fed089eb: 250
    c32e4fa83ebff2b42be225d8afa77284: -151
    664e3cd808da8704db48c182cbda263c: -626
    c929f80959871184fbc09e8f42e5c790: 0.01
    ba3ed5295b696ff4ba96b577680b4c7c: 0
    dc9873891cb103244922903359650347: -1000
    23bff299a78b33044bdfc31068708719: 1
    ae5fcd1a605032b4daa3824bc9187f6d: -1691
    30986cda2caced14e90c696b36241c76: 2
    1c67d78bfa306424995b19cae7348a6d: 0.1
    ff18a89bbeaa12a419335a515824c304: 19.3
    bf3cf23d0e77045459e9e887b383a344: 0.1
    d1786d3d999b15e44897176dcace516d: 10
    c12d928d60bb407408f4854863c1ada7: -326
    d99a989d15f923f4a9a493055bcc0873: 0.01
    7f7ba1ad8075d49438aec30fab8a173a: -1000
    420fa0cd3e817c14aacb98ec9beb334c: 0.67
    9a6bcdfdc1fbca146bd53da410cfb257: -626
    0ccfd82ed22c8452596b6a01aa629ac5: 0
    fda8734e4dd5d9443ab7d4f862c6f76c: 16.4
    b4d54dde3fd5cf74a9ed8e60496d5b5d: 1
    3f65d70f1e3fe5542a4567c6bb05b6ed: 0.03
    ef20608fe06fd874991c699ac07201e0: 1.51
  m_TransitionOverrides: {}
--- !u!241 &24100000
AudioMixerController:
  m_ObjectHideFlags: 0
  m_CorrespondingSourceObject: {fileID: 0}
  m_PrefabInstance: {fileID: 0}
  m_PrefabAsset: {fileID: 0}
  m_Name: MainAudioMixer
  m_OutputGroup: {fileID: 0}
  m_MasterGroup: {fileID: 24300001}
  m_Snapshots:
  - {fileID: -8718280319576550911}
  - {fileID: 24500003}
  - {fileID: 245679267762563232}
  - {fileID: 245019843660191522}
  - {fileID: 245207776711465116}
  - {fileID: 245732829566911814}
  - {fileID: 245000907257793248}
  - {fileID: 245028894650098858}
  - {fileID: 839474435421227110}
  - {fileID: 5662234750521492327}
  - {fileID: 6444902703154911929}
  - {fileID: -1602393825061722642}
  - {fileID: -2645156862767687634}
  - {fileID: 108325293736770780}
  - {fileID: -5816441640758046085}
  - {fileID: -4192594933556606113}
  - {fileID: 7800068588266093107}
  - {fileID: 3000313511474153177}
  - {fileID: -7296499967295571120}
  - {fileID: -3775239117592995804}
  - {fileID: -3483348043961593077}
  - {fileID: -6268612233637478485}
  m_StartSnapshot: {fileID: 24500003}
  m_SuspendThreshold: -40
  m_EnableSuspend: 0
  m_UpdateMode: 1
  m_ExposedParameters:
  - guid: c45163165e2eb40d09789575b27100a7
    name: volume_gameplay
  - guid: c24f65dd3cf444e4eaf8fab3c32a4b0a
    name: pitch_gameplay
  - guid: 61225ef78b7c041378fda40635ebcdee
    name: volume_master
  - guid: 0ccfd82ed22c8452596b6a01aa629ac5
    name: volume_music
  - guid: 30db859cdf13747ac8c9ca30fabb3f65
    name: volume_ui
  - guid: a227fac649faf7142b1ee3bce34534f4
    name: volume_vo
  m_AudioMixerGroupViews:
  - guids:
    - 87a4a09115ece4015852c76d8c29f35d
    - 119089bc92b2947e7b39283173145006
    - 2e22f230221e9402f9d7e21cf94f6efc
    - 87c4638ed9c024f488f90adfbe151f14
    - 6db9fb7026ebb834d9c7a8afed687813
    - ed2d409fae15fd745baeaf0aeb938619
    name: View
  m_CurrentViewIndex: 0
  m_TargetSnapshot: {fileID: -2645156862767687634}
--- !u!243 &24300001
AudioMixerGroupController:
  m_ObjectHideFlags: 0
  m_CorrespondingSourceObject: {fileID: 0}
  m_PrefabInstance: {fileID: 0}
  m_PrefabAsset: {fileID: 0}
  m_Name: Master
  m_AudioMixer: {fileID: 24100000}
  m_GroupID: 87a4a09115ece4015852c76d8c29f35d
  m_Children:
  - {fileID: 24324970}
  - {fileID: 24361878}
  - {fileID: 243058840644152008}
  m_Volume: 61225ef78b7c041378fda40635ebcdee
  m_Pitch: 5f31ada90b0dd42a3a95584933608f8d
  m_Send: 00000000000000000000000000000000
  m_Effects:
  - {fileID: 24400002}
  m_UserColorIndex: 0
  m_Mute: 0
  m_Solo: 0
  m_BypassEffects: 0
--- !u!243 &24324970
AudioMixerGroupController:
  m_ObjectHideFlags: 0
  m_CorrespondingSourceObject: {fileID: 0}
  m_PrefabInstance: {fileID: 0}
  m_PrefabAsset: {fileID: 0}
  m_Name: Music
  m_AudioMixer: {fileID: 24100000}
  m_GroupID: 119089bc92b2947e7b39283173145006
  m_Children: []
  m_Volume: 0ccfd82ed22c8452596b6a01aa629ac5
  m_Pitch: 9823be79f1640457f93c38699140acd7
  m_Send: 00000000000000000000000000000000
  m_Effects:
  - {fileID: 24426018}
  - {fileID: 244161425273803604}
  - {fileID: 8879316531211365327}
  m_UserColorIndex: 0
  m_Mute: 0
  m_Solo: 0
  m_BypassEffects: 0
--- !u!243 &24361878
AudioMixerGroupController:
  m_ObjectHideFlags: 0
  m_CorrespondingSourceObject: {fileID: 0}
  m_PrefabInstance: {fileID: 0}
  m_PrefabAsset: {fileID: 0}
  m_Name: UI
  m_AudioMixer: {fileID: 24100000}
  m_GroupID: 2e22f230221e9402f9d7e21cf94f6efc
  m_Children: []
  m_Volume: 30db859cdf13747ac8c9ca30fabb3f65
  m_Pitch: ffb0c0a77ed5140bbaae5574dfe8af25
  m_Send: 00000000000000000000000000000000
  m_Effects:
  - {fileID: 24494964}
  m_UserColorIndex: 0
  m_Mute: 0
  m_Solo: 0
  m_BypassEffects: 0
--- !u!243 &24395902
AudioMixerGroupController:
  m_ObjectHideFlags: 0
  m_CorrespondingSourceObject: {fileID: 0}
  m_PrefabInstance: {fileID: 0}
  m_PrefabAsset: {fileID: 0}
  m_Name: GameplayFiltered
  m_AudioMixer: {fileID: 24100000}
  m_GroupID: 87c4638ed9c024f488f90adfbe151f14
  m_Children:
  - {fileID: -7700847260719282321}
  m_Volume: c45163165e2eb40d09789575b27100a7
  m_Pitch: fe7fc56ca584a4f9da084f49e82169d5
  m_Send: 00000000000000000000000000000000
  m_Effects:
  - {fileID: 24439922}
  - {fileID: 244396560609929098}
  - {fileID: 2406520455595297674}
  - {fileID: 4141596131569335378}
  m_UserColorIndex: 0
  m_Mute: 0
  m_Solo: 0
  m_BypassEffects: 0
--- !u!244 &24400002
AudioMixerEffectController:
  m_ObjectHideFlags: 3
  m_CorrespondingSourceObject: {fileID: 0}
  m_PrefabInstance: {fileID: 0}
  m_PrefabAsset: {fileID: 0}
  m_Name: 
  m_EffectID: 52986e5c736ff4d58bcaa9569dcd4963
  m_EffectName: Attenuation
  m_MixLevel: 2a7606f88f08045ecb78ed1a8c5ef0db
  m_Parameters: []
  m_SendTarget: {fileID: 0}
  m_EnableWetMix: 0
  m_Bypass: 0
--- !u!244 &24426018
AudioMixerEffectController:
  m_ObjectHideFlags: 3
  m_CorrespondingSourceObject: {fileID: 0}
  m_PrefabInstance: {fileID: 0}
  m_PrefabAsset: {fileID: 0}
  m_Name: 
  m_EffectID: b1bc2e26b2e9847cd8e1daf6d50a2846
  m_EffectName: Attenuation
  m_MixLevel: c867a99f354534c628b11b66fae7202a
  m_Parameters: []
  m_SendTarget: {fileID: 0}
  m_EnableWetMix: 0
  m_Bypass: 0
--- !u!244 &24439922
AudioMixerEffectController:
  m_ObjectHideFlags: 3
  m_CorrespondingSourceObject: {fileID: 0}
  m_PrefabInstance: {fileID: 0}
  m_PrefabAsset: {fileID: 0}
  m_Name: 
  m_EffectID: c84c6873cc62248f1ade26feda79b23a
  m_EffectName: Attenuation
  m_MixLevel: 4f64850d9c1fc4bfb86200bf1e62781c
  m_Parameters: []
  m_SendTarget: {fileID: 0}
  m_EnableWetMix: 0
  m_Bypass: 0
--- !u!244 &24494964
AudioMixerEffectController:
  m_ObjectHideFlags: 3
  m_CorrespondingSourceObject: {fileID: 0}
  m_PrefabInstance: {fileID: 0}
  m_PrefabAsset: {fileID: 0}
  m_Name: 
  m_EffectID: 0b8004313d6b346e2a8bce228001a504
  m_EffectName: Attenuation
  m_MixLevel: e7c6c05cab9b74d19a6b6b6774d3a45a
  m_Parameters: []
  m_SendTarget: {fileID: 0}
  m_EnableWetMix: 0
  m_Bypass: 0
--- !u!245 &24500003
AudioMixerSnapshotController:
  m_ObjectHideFlags: 0
  m_CorrespondingSourceObject: {fileID: 0}
  m_PrefabInstance: {fileID: 0}
  m_PrefabAsset: {fileID: 0}
  m_Name: Default
  m_AudioMixer: {fileID: 24100000}
  m_SnapshotID: 8089340788dfa4e579235f127e5654c7
  m_FloatValues:
    2ca73ea2bf63700499a7714ebb9fb2cd: -151
    d16a93e2eb8ea194ca368f2121969a69: 0
    089286138e4eae9418b71f4f18a350ce: -78.18065
    bc9635338485f7a488b5fe994bbac1de: -10000
    bda9b363266938a41a6e599e5b532267: 5000
    97652f73d6f37a442b3a2ca8b4dca089: 1
    1ccacb8339160024ea4c627a0d4f180a: 100
    47765034697523f4a989d0cab2aecc7c: 100
    298f1134fd2688e4185ebdfaf9c13e1e: 774
    d7258d9419b907a4e9a9266257ef117c: 22000
    c45163165e2eb40d09789575b27100a7: 0
    315cd926daf5d4242952638446663810: 2
    a227fac649faf7142b1ee3bce34534f4: 10
    bf928df63c7b6664eb61a023ae72c54d: 0.03
    06719147ad871f0409be3086557730d2: 774
    0aee1e77154389a45a2d9027376f50ec: 0
    7e892d0881cd68643bd87403de64b2c3: 0
    90047c684e7446c4bb77a311fed089eb: 250
    c32e4fa83ebff2b42be225d8afa77284: -151
    664e3cd808da8704db48c182cbda263c: -626
    ba3ed5295b696ff4ba96b577680b4c7c: 0
    dc9873891cb103244922903359650347: -1000
    23bff299a78b33044bdfc31068708719: 1
    30986cda2caced14e90c696b36241c76: 2
    1c67d78bfa306424995b19cae7348a6d: 0.1
    bf3cf23d0e77045459e9e887b383a344: 0.1
    d1786d3d999b15e44897176dcace516d: 10
    7f7ba1ad8075d49438aec30fab8a173a: -1000
    7d2f20dd6d73da04b95025de6ce20749: 10
    9a6bcdfdc1fbca146bd53da410cfb257: -626
    0ccfd82ed22c8452596b6a01aa629ac5: 0
    b4d54dde3fd5cf74a9ed8e60496d5b5d: 1
    3f65d70f1e3fe5542a4567c6bb05b6ed: 0.03
  m_TransitionOverrides: {}
--- !u!245 &108325293736770780
AudioMixerSnapshotController:
  m_ObjectHideFlags: 0
  m_CorrespondingSourceObject: {fileID: 0}
  m_PrefabInstance: {fileID: 0}
  m_PrefabAsset: {fileID: 0}
  m_Name: Apocadesert - Exterior
  m_AudioMixer: {fileID: 24100000}
  m_SnapshotID: 2f8bced850547e241a12cae4318c47fc
  m_FloatValues:
    d1019480a4d513641a81631b39cbc5c7: -6390
    d2d6cca05f9d9204a983e173681aa5f3: -1750
    2ca73ea2bf63700499a7714ebb9fb2cd: -151
    d16a93e2eb8ea194ca368f2121969a69: 0
    089286138e4eae9418b71f4f18a350ce: -78.18065
    bc9635338485f7a488b5fe994bbac1de: -10000
    bda9b363266938a41a6e599e5b532267: 5000
    97652f73d6f37a442b3a2ca8b4dca089: 1
    1ccacb8339160024ea4c627a0d4f180a: 100
    309e5d83e8ca1c748930dd58551dc151: 0.055
    925e9aa3c6d899643bf273723f96184d: 1.49
    2084f2f3a9f5df54d81df608f2baa4bd: 63.5
    57d4daf32f1797f48afbc8a2c8612cdd: -1000
    47765034697523f4a989d0cab2aecc7c: 100
    298f1134fd2688e4185ebdfaf9c13e1e: 774
    19f69a54029c9f446acdf0cba555951c: -1000
    d7258d9419b907a4e9a9266257ef117c: 22000
    d5cf8bd4cbebdf642af78e0e455997bc: -6390
    a32b0706168af474d8e4f0dda5ddd937: -1750
    c45163165e2eb40d09789575b27100a7: 0
    315cd926daf5d4242952638446663810: 2
    b5b34746b72e63c4e94e42a4c6172fbd: 0.17
    a227fac649faf7142b1ee3bce34534f4: 5
    bf928df63c7b6664eb61a023ae72c54d: 0.03
    06719147ad871f0409be3086557730d2: 774
    0aee1e77154389a45a2d9027376f50ec: 0
    7e892d0881cd68643bd87403de64b2c3: 0
    90047c684e7446c4bb77a311fed089eb: 250
    c32e4fa83ebff2b42be225d8afa77284: -151
    664e3cd808da8704db48c182cbda263c: -626
    c929f80959871184fbc09e8f42e5c790: 0.175
    ba3ed5295b696ff4ba96b577680b4c7c: 0.175
    dc9873891cb103244922903359650347: -1000
    23bff299a78b33044bdfc31068708719: 10
    ae5fcd1a605032b4daa3824bc9187f6d: -467
    30986cda2caced14e90c696b36241c76: 2
    1c67d78bfa306424995b19cae7348a6d: 0.1
    ff18a89bbeaa12a419335a515824c304: 63.5
    bf3cf23d0e77045459e9e887b383a344: 0.1
    d1786d3d999b15e44897176dcace516d: 10
    c12d928d60bb407408f4854863c1ada7: -2389
    d99a989d15f923f4a9a493055bcc0873: 0.055
    7f7ba1ad8075d49438aec30fab8a173a: -1000
    420fa0cd3e817c14aacb98ec9beb334c: 0.52
    9a6bcdfdc1fbca146bd53da410cfb257: -626
    0ccfd82ed22c8452596b6a01aa629ac5: 0
    fda8734e4dd5d9443ab7d4f862c6f76c: 2.15
    b4d54dde3fd5cf74a9ed8e60496d5b5d: 1
    3f65d70f1e3fe5542a4567c6bb05b6ed: 0.03
    ef20608fe06fd874991c699ac07201e0: 0.52
    8282319f9cd1f9c4baf5c3794f804ca3: 0
  m_TransitionOverrides: {}
--- !u!243 &243058840644152008
AudioMixerGroupController:
  m_ObjectHideFlags: 0
  m_CorrespondingSourceObject: {fileID: 0}
  m_PrefabInstance: {fileID: 0}
  m_PrefabAsset: {fileID: 0}
  m_Name: Gameplay
  m_AudioMixer: {fileID: 24100000}
  m_GroupID: 6db9fb7026ebb834d9c7a8afed687813
  m_Children:
  - {fileID: 24395902}
  m_Volume: 64af0fa24d1b64e4389396d54d916cbf
  m_Pitch: d9ddbbd2bf398ad4fbd4f40a81268c4f
  m_Send: 00000000000000000000000000000000
  m_Effects:
  - {fileID: 244741289614402632}
  - {fileID: 5903001337403156307}
  m_UserColorIndex: 0
  m_Mute: 0
  m_Solo: 0
  m_BypassEffects: 0
--- !u!244 &244161425273803604
AudioMixerEffectController:
  m_ObjectHideFlags: 3
  m_CorrespondingSourceObject: {fileID: 0}
  m_PrefabInstance: {fileID: 0}
  m_PrefabAsset: {fileID: 0}
  m_Name: 
  m_EffectID: 6e88ddca5dba9f8438a0ce355f1b5a92
  m_EffectName: Lowpass
  m_MixLevel: 6393c91305ef9934eb6bfdd08e04fae3
  m_Parameters:
  - m_ParameterName: Cutoff freq
    m_GUID: d7258d9419b907a4e9a9266257ef117c
  - m_ParameterName: Resonance
    m_GUID: 2d084179410146d46b5d751c3dc83af6
  m_SendTarget: {fileID: 0}
  m_EnableWetMix: 0
  m_Bypass: 0
--- !u!244 &244396560609929098
AudioMixerEffectController:
  m_ObjectHideFlags: 3
  m_CorrespondingSourceObject: {fileID: 0}
  m_PrefabInstance: {fileID: 0}
  m_PrefabAsset: {fileID: 0}
  m_Name: 
  m_EffectID: 4ffd99986c998794e9fb43351db8054d
  m_EffectName: SFX Reverb
  m_MixLevel: c82b13a4e34992d469ba4fabd3a90fa1
  m_Parameters:
  - m_ParameterName: Dry Level
    m_GUID: 365243b2fa351c24a9205ab8d89d1869
  - m_ParameterName: Room
    m_GUID: 19f69a54029c9f446acdf0cba555951c
  - m_ParameterName: Room HF
    m_GUID: a32b0706168af474d8e4f0dda5ddd937
  - m_ParameterName: Decay Time
    m_GUID: fda8734e4dd5d9443ab7d4f862c6f76c
  - m_ParameterName: Decay HF Ratio
    m_GUID: ef20608fe06fd874991c699ac07201e0
  - m_ParameterName: Reflections
    m_GUID: d1019480a4d513641a81631b39cbc5c7
  - m_ParameterName: Reflect Delay
    m_GUID: b5b34746b72e63c4e94e42a4c6172fbd
  - m_ParameterName: Reverb
    m_GUID: c12d928d60bb407408f4854863c1ada7
  - m_ParameterName: Reverb Delay
    m_GUID: 309e5d83e8ca1c748930dd58551dc151
  - m_ParameterName: Diffusion
    m_GUID: ff18a89bbeaa12a419335a515824c304
  - m_ParameterName: Density
    m_GUID: b0bd6f312c304e547b0e5d17ef465a44
  - m_ParameterName: HF Reference
    m_GUID: e4894fe570180af43bcefb103e552fa9
  - m_ParameterName: Room LF
    m_GUID: 725ccda9f237b4248a2aa829a9956179
  - m_ParameterName: LF Reference
    m_GUID: 6aa82cc6e87c76a4489225d9b52b55c6
  m_SendTarget: {fileID: 0}
  m_EnableWetMix: 0
  m_Bypass: 0
--- !u!244 &244741289614402632
AudioMixerEffectController:
  m_ObjectHideFlags: 3
  m_CorrespondingSourceObject: {fileID: 0}
  m_PrefabInstance: {fileID: 0}
  m_PrefabAsset: {fileID: 0}
  m_Name: 
  m_EffectID: 28c43168dfdc18f41b1e953cf4cdae2c
  m_EffectName: Attenuation
  m_MixLevel: 906bfae7e91f30849b4713fd1e3cdcef
  m_Parameters: []
  m_SendTarget: {fileID: 0}
  m_EnableWetMix: 0
  m_Bypass: 0
--- !u!245 &245000907257793248
AudioMixerSnapshotController:
  m_ObjectHideFlags: 0
  m_CorrespondingSourceObject: {fileID: 0}
  m_PrefabInstance: {fileID: 0}
  m_PrefabAsset: {fileID: 0}
  m_Name: Music Lowpass - Default Reverb
  m_AudioMixer: {fileID: 24100000}
  m_SnapshotID: 85123d6cae1864312a3c6f812a444da5
  m_FloatValues:
    4a60a850a7bd4ff47b641029cce9f3a0: 0.1
    d1019480a4d513641a81631b39cbc5c7: -449
    1912b2e249d1f2045b5b848fc4d45bd5: -449
    d16a93e2eb8ea194ca368f2121969a69: 0
    089286138e4eae9418b71f4f18a350ce: -80
    aa905863a3f21884fb0b698ff62dbd20: 0.007
    97652f73d6f37a442b3a2ca8b4dca089: 1
    309e5d83e8ca1c748930dd58551dc151: 0.01
    ca1510b3c71076f4b8a83d5f4dd0787b: 1700
    d7258d9419b907a4e9a9266257ef117c: 1100
    3bd9bcf50d9d59e468946f00b487825d: 1.49
    a32b0706168af474d8e4f0dda5ddd937: -4000
    c45163165e2eb40d09789575b27100a7: 0
    b5b34746b72e63c4e94e42a4c6172fbd: 0.01
    78664207647850340adcad2594c29767: 13403
    1d87204861c4408499ce6cd0aa1f9660: -4000
    ba3ed5295b696ff4ba96b577680b4c7c: 0
    23bff299a78b33044bdfc31068708719: 1
    dec98d3c8c6261d4d88f92b5d9b67da2: 0
    d1786d3d999b15e44897176dcace516d: 10
    c12d928d60bb407408f4854863c1ada7: 1700
    0ccfd82ed22c8452596b6a01aa629ac5: 0
    fda8734e4dd5d9443ab7d4f862c6f76c: 1.49
    b4d54dde3fd5cf74a9ed8e60496d5b5d: 1
    cbb79f4f926e1a448a0423997717bdc2: 0.011
    ef20608fe06fd874991c699ac07201e0: 0.1
  m_TransitionOverrides: {}
--- !u!245 &245019843660191522
AudioMixerSnapshotController:
  m_ObjectHideFlags: 0
  m_CorrespondingSourceObject: {fileID: 0}
  m_PrefabInstance: {fileID: 0}
  m_PrefabAsset: {fileID: 0}
  m_Name: Music Low Vol - Default
  m_AudioMixer: {fileID: 24100000}
  m_SnapshotID: 929777970aa9e46afa5f5ee75bb94d96
  m_FloatValues:
    2ca73ea2bf63700499a7714ebb9fb2cd: -151
    d16a93e2eb8ea194ca368f2121969a69: 0
    089286138e4eae9418b71f4f18a350ce: -78.18065
    bc9635338485f7a488b5fe994bbac1de: -10000
    bda9b363266938a41a6e599e5b532267: 5000
    97652f73d6f37a442b3a2ca8b4dca089: 1
    1ccacb8339160024ea4c627a0d4f180a: 100
    47765034697523f4a989d0cab2aecc7c: 100
    298f1134fd2688e4185ebdfaf9c13e1e: 774
    d7258d9419b907a4e9a9266257ef117c: 22000
    c45163165e2eb40d09789575b27100a7: 0
    315cd926daf5d4242952638446663810: 2
    bf928df63c7b6664eb61a023ae72c54d: 0.03
    06719147ad871f0409be3086557730d2: 774
    0aee1e77154389a45a2d9027376f50ec: 0
    7e892d0881cd68643bd87403de64b2c3: 0
    90047c684e7446c4bb77a311fed089eb: 250
    c32e4fa83ebff2b42be225d8afa77284: -151
    664e3cd808da8704db48c182cbda263c: -626
    ba3ed5295b696ff4ba96b577680b4c7c: 0
    dc9873891cb103244922903359650347: -1000
    23bff299a78b33044bdfc31068708719: 1
    30986cda2caced14e90c696b36241c76: 2
    1c67d78bfa306424995b19cae7348a6d: 0.1
    bf3cf23d0e77045459e9e887b383a344: 0.1
    d1786d3d999b15e44897176dcace516d: 10
    7f7ba1ad8075d49438aec30fab8a173a: -1000
    9a6bcdfdc1fbca146bd53da410cfb257: -626
    0ccfd82ed22c8452596b6a01aa629ac5: -54.5
    b4d54dde3fd5cf74a9ed8e60496d5b5d: 1
    3f65d70f1e3fe5542a4567c6bb05b6ed: 0.03
  m_TransitionOverrides: {}
--- !u!245 &245028894650098858
AudioMixerSnapshotController:
  m_ObjectHideFlags: 0
  m_CorrespondingSourceObject: {fileID: 0}
  m_PrefabInstance: {fileID: 0}
  m_PrefabAsset: {fileID: 0}
  m_Name: Music Lowpass - Cave Reverb
  m_AudioMixer: {fileID: 24100000}
  m_SnapshotID: 34087eb5d299d4360860a7107a006f3f
  m_FloatValues:
    4a60a850a7bd4ff47b641029cce9f3a0: 0.83
    d1019480a4d513641a81631b39cbc5c7: -414
    2ca73ea2bf63700499a7714ebb9fb2cd: -151
    365243b2fa351c24a9205ab8d89d1869: 0
    1912b2e249d1f2045b5b848fc4d45bd5: -1646
    d16a93e2eb8ea194ca368f2121969a69: 0
    089286138e4eae9418b71f4f18a350ce: -80
    bc9635338485f7a488b5fe994bbac1de: 0
    bda9b363266938a41a6e599e5b532267: 5000
    aa905863a3f21884fb0b698ff62dbd20: 0.002
    97652f73d6f37a442b3a2ca8b4dca089: 1
    1ccacb8339160024ea4c627a0d4f180a: 100
    309e5d83e8ca1c748930dd58551dc151: 0.1
    ca1510b3c71076f4b8a83d5f4dd0787b: 53
    47765034697523f4a989d0cab2aecc7c: 100
    298f1134fd2688e4185ebdfaf9c13e1e: 774
    19f69a54029c9f446acdf0cba555951c: -1000
    d7258d9419b907a4e9a9266257ef117c: 1100
    3bd9bcf50d9d59e468946f00b487825d: 0.4
    a32b0706168af474d8e4f0dda5ddd937: 0
    c45163165e2eb40d09789575b27100a7: 0
    315cd926daf5d4242952638446663810: 2
    b5b34746b72e63c4e94e42a4c6172fbd: 0.069
    bf928df63c7b6664eb61a023ae72c54d: 0.03
    06719147ad871f0409be3086557730d2: 774
    0aee1e77154389a45a2d9027376f50ec: 0
    7e892d0881cd68643bd87403de64b2c3: 0
    1d87204861c4408499ce6cd0aa1f9660: -454
    90047c684e7446c4bb77a311fed089eb: 250
    c32e4fa83ebff2b42be225d8afa77284: -151
    664e3cd808da8704db48c182cbda263c: -626
    ba3ed5295b696ff4ba96b577680b4c7c: 0.75
    2d084179410146d46b5d751c3dc83af6: 1
    dc9873891cb103244922903359650347: -1000
    23bff299a78b33044bdfc31068708719: 115
    30986cda2caced14e90c696b36241c76: 2
    1c67d78bfa306424995b19cae7348a6d: 0.1
    bf3cf23d0e77045459e9e887b383a344: 0.1
    d1786d3d999b15e44897176dcace516d: 10
    c12d928d60bb407408f4854863c1ada7: 40
    7f7ba1ad8075d49438aec30fab8a173a: -1000
    9a6bcdfdc1fbca146bd53da410cfb257: -626
    0ccfd82ed22c8452596b6a01aa629ac5: 0
    fda8734e4dd5d9443ab7d4f862c6f76c: 2.5
    b4d54dde3fd5cf74a9ed8e60496d5b5d: 0.25
    3f65d70f1e3fe5542a4567c6bb05b6ed: 0.03
    cbb79f4f926e1a448a0423997717bdc2: 0.003
    ef20608fe06fd874991c699ac07201e0: 1.3
    8282319f9cd1f9c4baf5c3794f804ca3: 0.25
  m_TransitionOverrides: {}
--- !u!245 &245207776711465116
AudioMixerSnapshotController:
  m_ObjectHideFlags: 0
  m_CorrespondingSourceObject: {fileID: 0}
  m_PrefabInstance: {fileID: 0}
  m_PrefabAsset: {fileID: 0}
  m_Name: Underwater Lowpass- Underwater Reverb
  m_AudioMixer: {fileID: 24100000}
  m_SnapshotID: e821532307415be4a8ff9f1e0841259b
  m_FloatValues:
    4a60a850a7bd4ff47b641029cce9f3a0: 0.1
    d1019480a4d513641a81631b39cbc5c7: -449
    1912b2e249d1f2045b5b848fc4d45bd5: -449
    d16a93e2eb8ea194ca368f2121969a69: 0
    089286138e4eae9418b71f4f18a350ce: -80
    aa905863a3f21884fb0b698ff62dbd20: 0.007
    97652f73d6f37a442b3a2ca8b4dca089: 1
    309e5d83e8ca1c748930dd58551dc151: 0.01
    ca1510b3c71076f4b8a83d5f4dd0787b: 1700
    d7258d9419b907a4e9a9266257ef117c: 500
    3bd9bcf50d9d59e468946f00b487825d: 1.49
    a32b0706168af474d8e4f0dda5ddd937: -4000
    c45163165e2eb40d09789575b27100a7: 0
    b5b34746b72e63c4e94e42a4c6172fbd: 0.01
    78664207647850340adcad2594c29767: 13403
    1d87204861c4408499ce6cd0aa1f9660: -4000
    ba3ed5295b696ff4ba96b577680b4c7c: 0
    23bff299a78b33044bdfc31068708719: 1
    dec98d3c8c6261d4d88f92b5d9b67da2: 0
    d1786d3d999b15e44897176dcace516d: 10
    c12d928d60bb407408f4854863c1ada7: 1700
    0ccfd82ed22c8452596b6a01aa629ac5: 0
    fda8734e4dd5d9443ab7d4f862c6f76c: 1.49
    b4d54dde3fd5cf74a9ed8e60496d5b5d: 1
    cbb79f4f926e1a448a0423997717bdc2: 0.011
    ef20608fe06fd874991c699ac07201e0: 0.1
  m_TransitionOverrides: {}
--- !u!245 &245679267762563232
AudioMixerSnapshotController:
  m_ObjectHideFlags: 0
  m_CorrespondingSourceObject: {fileID: 0}
  m_PrefabInstance: {fileID: 0}
  m_PrefabAsset: {fileID: 0}
  m_Name: Interior Room
  m_AudioMixer: {fileID: 24100000}
  m_SnapshotID: 6d26eebf5dbc6384d9396f88fafadb96
  m_FloatValues:
    4a60a850a7bd4ff47b641029cce9f3a0: 0.83
    d1019480a4d513641a81631b39cbc5c7: -1646
    2ca73ea2bf63700499a7714ebb9fb2cd: -151
    365243b2fa351c24a9205ab8d89d1869: 0
    1912b2e249d1f2045b5b848fc4d45bd5: -1646
    d16a93e2eb8ea194ca368f2121969a69: 0
    089286138e4eae9418b71f4f18a350ce: -80
    bc9635338485f7a488b5fe994bbac1de: 0
    bda9b363266938a41a6e599e5b532267: 5000
    aa905863a3f21884fb0b698ff62dbd20: 0.002
    97652f73d6f37a442b3a2ca8b4dca089: 1
    1ccacb8339160024ea4c627a0d4f180a: 100
    309e5d83e8ca1c748930dd58551dc151: 0
    ca1510b3c71076f4b8a83d5f4dd0787b: 53
    47765034697523f4a989d0cab2aecc7c: 100
    298f1134fd2688e4185ebdfaf9c13e1e: 774
    19f69a54029c9f446acdf0cba555951c: -1000
    d7258d9419b907a4e9a9266257ef117c: 22000
    3bd9bcf50d9d59e468946f00b487825d: 0.4
    a32b0706168af474d8e4f0dda5ddd937: -454
    c45163165e2eb40d09789575b27100a7: 0
    315cd926daf5d4242952638446663810: 2
    b5b34746b72e63c4e94e42a4c6172fbd: 0.03
    bf928df63c7b6664eb61a023ae72c54d: 0.03
    06719147ad871f0409be3086557730d2: 774
    0aee1e77154389a45a2d9027376f50ec: 0
    7e892d0881cd68643bd87403de64b2c3: 0
    1d87204861c4408499ce6cd0aa1f9660: -454
    90047c684e7446c4bb77a311fed089eb: 250
    c32e4fa83ebff2b42be225d8afa77284: -151
    664e3cd808da8704db48c182cbda263c: -626
    ba3ed5295b696ff4ba96b577680b4c7c: 0
    dc9873891cb103244922903359650347: -1000
    23bff299a78b33044bdfc31068708719: 1
    30986cda2caced14e90c696b36241c76: 2
    1c67d78bfa306424995b19cae7348a6d: 0.1
    30db859cdf13747ac8c9ca30fabb3f65: 0
    bf3cf23d0e77045459e9e887b383a344: 0.1
    d1786d3d999b15e44897176dcace516d: 10
    c12d928d60bb407408f4854863c1ada7: 53
    7f7ba1ad8075d49438aec30fab8a173a: -1000
    9a6bcdfdc1fbca146bd53da410cfb257: -626
    0ccfd82ed22c8452596b6a01aa629ac5: 0
    fda8734e4dd5d9443ab7d4f862c6f76c: 0.4
    b4d54dde3fd5cf74a9ed8e60496d5b5d: 1
    3f65d70f1e3fe5542a4567c6bb05b6ed: 0.03
    cbb79f4f926e1a448a0423997717bdc2: 0.003
    ef20608fe06fd874991c699ac07201e0: 0.83
  m_TransitionOverrides: {}
--- !u!245 &245732829566911814
AudioMixerSnapshotController:
  m_ObjectHideFlags: 0
  m_CorrespondingSourceObject: {fileID: 0}
  m_PrefabInstance: {fileID: 0}
  m_PrefabAsset: {fileID: 0}
  m_Name: Music Lowpass - Indoors Reverb
  m_AudioMixer: {fileID: 24100000}
  m_SnapshotID: baa8a3cc9050948a1a66e950d2012a8b
  m_FloatValues:
    4a60a850a7bd4ff47b641029cce9f3a0: 0.83
    d1019480a4d513641a81631b39cbc5c7: -1646
    2ca73ea2bf63700499a7714ebb9fb2cd: -151
    365243b2fa351c24a9205ab8d89d1869: 0
    1912b2e249d1f2045b5b848fc4d45bd5: -1646
    d16a93e2eb8ea194ca368f2121969a69: 0
    089286138e4eae9418b71f4f18a350ce: -80
    bc9635338485f7a488b5fe994bbac1de: 0
    bda9b363266938a41a6e599e5b532267: 5000
    aa905863a3f21884fb0b698ff62dbd20: 0.002
    97652f73d6f37a442b3a2ca8b4dca089: 1
    1ccacb8339160024ea4c627a0d4f180a: 100
    309e5d83e8ca1c748930dd58551dc151: 0
    ca1510b3c71076f4b8a83d5f4dd0787b: 53
    47765034697523f4a989d0cab2aecc7c: 100
    298f1134fd2688e4185ebdfaf9c13e1e: 774
    19f69a54029c9f446acdf0cba555951c: -1000
    d7258d9419b907a4e9a9266257ef117c: 1100
    3bd9bcf50d9d59e468946f00b487825d: 0.4
    a32b0706168af474d8e4f0dda5ddd937: -454
    c45163165e2eb40d09789575b27100a7: 0
    315cd926daf5d4242952638446663810: 2
    b5b34746b72e63c4e94e42a4c6172fbd: 0.03
    bf928df63c7b6664eb61a023ae72c54d: 0.03
    06719147ad871f0409be3086557730d2: 774
    0aee1e77154389a45a2d9027376f50ec: 0
    7e892d0881cd68643bd87403de64b2c3: 0
    1d87204861c4408499ce6cd0aa1f9660: -454
    90047c684e7446c4bb77a311fed089eb: 250
    c32e4fa83ebff2b42be225d8afa77284: -151
    664e3cd808da8704db48c182cbda263c: -626
    ba3ed5295b696ff4ba96b577680b4c7c: 0
    2d084179410146d46b5d751c3dc83af6: 1
    dc9873891cb103244922903359650347: -1000
    23bff299a78b33044bdfc31068708719: 1
    30986cda2caced14e90c696b36241c76: 2
    1c67d78bfa306424995b19cae7348a6d: 0.1
    30db859cdf13747ac8c9ca30fabb3f65: 0
    bf3cf23d0e77045459e9e887b383a344: 0.1
    d1786d3d999b15e44897176dcace516d: 10
    c12d928d60bb407408f4854863c1ada7: 53
    7f7ba1ad8075d49438aec30fab8a173a: -1000
    9a6bcdfdc1fbca146bd53da410cfb257: -626
    0ccfd82ed22c8452596b6a01aa629ac5: 0
    fda8734e4dd5d9443ab7d4f862c6f76c: 0.4
    b4d54dde3fd5cf74a9ed8e60496d5b5d: 1
    3f65d70f1e3fe5542a4567c6bb05b6ed: 0.03
    cbb79f4f926e1a448a0423997717bdc2: 0.003
    ef20608fe06fd874991c699ac07201e0: 0.83
  m_TransitionOverrides: {}
--- !u!245 &839474435421227110
AudioMixerSnapshotController:
  m_ObjectHideFlags: 0
  m_CorrespondingSourceObject: {fileID: 0}
  m_PrefabInstance: {fileID: 0}
  m_PrefabAsset: {fileID: 0}
  m_Name: Music Lowpass - Stone Corridor Reverb
  m_AudioMixer: {fileID: 24100000}
  m_SnapshotID: 59933d164faf765479dcbb14c4a83b7c
  m_FloatValues:
    4a60a850a7bd4ff47b641029cce9f3a0: 0.83
    d1019480a4d513641a81631b39cbc5c7: -1214
    2ca73ea2bf63700499a7714ebb9fb2cd: -151
    365243b2fa351c24a9205ab8d89d1869: 0
    1912b2e249d1f2045b5b848fc4d45bd5: -1646
    d16a93e2eb8ea194ca368f2121969a69: 0
    089286138e4eae9418b71f4f18a350ce: -80
    bc9635338485f7a488b5fe994bbac1de: 0
    bda9b363266938a41a6e599e5b532267: 5000
    aa905863a3f21884fb0b698ff62dbd20: 0.002
    97652f73d6f37a442b3a2ca8b4dca089: 1
    1ccacb8339160024ea4c627a0d4f180a: 100
    309e5d83e8ca1c748930dd58551dc151: 0.02
    ca1510b3c71076f4b8a83d5f4dd0787b: 53
    47765034697523f4a989d0cab2aecc7c: 100
    298f1134fd2688e4185ebdfaf9c13e1e: 774
    19f69a54029c9f446acdf0cba555951c: -1000
    d7258d9419b907a4e9a9266257ef117c: 1100
    3bd9bcf50d9d59e468946f00b487825d: 0.4
    a32b0706168af474d8e4f0dda5ddd937: -237
    c45163165e2eb40d09789575b27100a7: 0
    315cd926daf5d4242952638446663810: 2
    b5b34746b72e63c4e94e42a4c6172fbd: 0.013
    bf928df63c7b6664eb61a023ae72c54d: 0.03
    06719147ad871f0409be3086557730d2: 774
    0aee1e77154389a45a2d9027376f50ec: 0
    7e892d0881cd68643bd87403de64b2c3: 0
    1d87204861c4408499ce6cd0aa1f9660: -454
    90047c684e7446c4bb77a311fed089eb: 250
    c32e4fa83ebff2b42be225d8afa77284: -151
    664e3cd808da8704db48c182cbda263c: -626
    ba3ed5295b696ff4ba96b577680b4c7c: 0
    2d084179410146d46b5d751c3dc83af6: 1
    dc9873891cb103244922903359650347: -1000
    23bff299a78b33044bdfc31068708719: 1
    30986cda2caced14e90c696b36241c76: 2
    1c67d78bfa306424995b19cae7348a6d: 0.1
    30db859cdf13747ac8c9ca30fabb3f65: 0
    bf3cf23d0e77045459e9e887b383a344: 0.1
    d1786d3d999b15e44897176dcace516d: 10
    c12d928d60bb407408f4854863c1ada7: 395
    7f7ba1ad8075d49438aec30fab8a173a: -1000
    9a6bcdfdc1fbca146bd53da410cfb257: -626
    0ccfd82ed22c8452596b6a01aa629ac5: 0
    fda8734e4dd5d9443ab7d4f862c6f76c: 2.7
    b4d54dde3fd5cf74a9ed8e60496d5b5d: 1
    3f65d70f1e3fe5542a4567c6bb05b6ed: 0.03
    cbb79f4f926e1a448a0423997717bdc2: 0.003
    ef20608fe06fd874991c699ac07201e0: 0.79
  m_TransitionOverrides: {}
--- !u!244 &2406520455595297674
AudioMixerEffectController:
  m_ObjectHideFlags: 3
  m_CorrespondingSourceObject: {fileID: 0}
  m_PrefabInstance: {fileID: 0}
  m_PrefabAsset: {fileID: 0}
  m_Name: 
  m_EffectID: 95c78d11eb929c7479bf1ab8c7ca881e
  m_EffectName: Echo
  m_MixLevel: 7425cc9b971342f4ba59f01844489dee
  m_Parameters:
  - m_ParameterName: Delay
    m_GUID: 23bff299a78b33044bdfc31068708719
  - m_ParameterName: Decay
    m_GUID: 8282319f9cd1f9c4baf5c3794f804ca3
  - m_ParameterName: Max channels
    m_GUID: 36244d3f16bfea64998396ea672874f4
  - m_ParameterName: Drymix
    m_GUID: b4d54dde3fd5cf74a9ed8e60496d5b5d
  - m_ParameterName: Wetmix
    m_GUID: ba3ed5295b696ff4ba96b577680b4c7c
  m_SendTarget: {fileID: 0}
  m_EnableWetMix: 0
  m_Bypass: 0
--- !u!245 &3000313511474153177
AudioMixerSnapshotController:
  m_ObjectHideFlags: 0
  m_CorrespondingSourceObject: {fileID: 0}
  m_PrefabInstance: {fileID: 0}
  m_PrefabAsset: {fileID: 0}
  m_Name: Music Lowpass - Carpetted Hallway Reverb
  m_AudioMixer: {fileID: 24100000}
  m_SnapshotID: 0c049c6a4563dd0458c1b7fbc54b8c89
  m_FloatValues:
    4a60a850a7bd4ff47b641029cce9f3a0: 0.83
    d1019480a4d513641a81631b39cbc5c7: -1831
    2ca73ea2bf63700499a7714ebb9fb2cd: -151
    365243b2fa351c24a9205ab8d89d1869: 0
    1912b2e249d1f2045b5b848fc4d45bd5: -1646
    d16a93e2eb8ea194ca368f2121969a69: 0
    089286138e4eae9418b71f4f18a350ce: -80
    bc9635338485f7a488b5fe994bbac1de: 0
    bda9b363266938a41a6e599e5b532267: 5000
    aa905863a3f21884fb0b698ff62dbd20: 0.002
    97652f73d6f37a442b3a2ca8b4dca089: 1
    1ccacb8339160024ea4c627a0d4f180a: 100
    309e5d83e8ca1c748930dd58551dc151: 0.03
    ca1510b3c71076f4b8a83d5f4dd0787b: 53
    47765034697523f4a989d0cab2aecc7c: 100
    298f1134fd2688e4185ebdfaf9c13e1e: 774
    19f69a54029c9f446acdf0cba555951c: -1000
    d7258d9419b907a4e9a9266257ef117c: 1100
    3bd9bcf50d9d59e468946f00b487825d: 0.4
    a32b0706168af474d8e4f0dda5ddd937: -4000
    c45163165e2eb40d09789575b27100a7: 0
    315cd926daf5d4242952638446663810: 2
    b5b34746b72e63c4e94e42a4c6172fbd: 0.002
    bf928df63c7b6664eb61a023ae72c54d: 0.03
    06719147ad871f0409be3086557730d2: 774
    0aee1e77154389a45a2d9027376f50ec: 0
    7e892d0881cd68643bd87403de64b2c3: 0
    1d87204861c4408499ce6cd0aa1f9660: -454
    90047c684e7446c4bb77a311fed089eb: 250
    c32e4fa83ebff2b42be225d8afa77284: -151
    664e3cd808da8704db48c182cbda263c: -626
    ba3ed5295b696ff4ba96b577680b4c7c: 0
    2d084179410146d46b5d751c3dc83af6: 1
    dc9873891cb103244922903359650347: -1000
    23bff299a78b33044bdfc31068708719: 1
    30986cda2caced14e90c696b36241c76: 2
    1c67d78bfa306424995b19cae7348a6d: 0.1
    30db859cdf13747ac8c9ca30fabb3f65: 0
    bf3cf23d0e77045459e9e887b383a344: 0.1
    d1786d3d999b15e44897176dcace516d: 10
    c12d928d60bb407408f4854863c1ada7: -1630
    7f7ba1ad8075d49438aec30fab8a173a: -1000
    9a6bcdfdc1fbca146bd53da410cfb257: -626
    0ccfd82ed22c8452596b6a01aa629ac5: 0
    fda8734e4dd5d9443ab7d4f862c6f76c: 0.3
    b4d54dde3fd5cf74a9ed8e60496d5b5d: 1
    3f65d70f1e3fe5542a4567c6bb05b6ed: 0.03
    cbb79f4f926e1a448a0423997717bdc2: 0.003
    ef20608fe06fd874991c699ac07201e0: 0.1
  m_TransitionOverrides: {}
--- !u!244 &4141596131569335378
AudioMixerEffectController:
  m_ObjectHideFlags: 3
  m_CorrespondingSourceObject: {fileID: 0}
  m_PrefabInstance: {fileID: 0}
  m_PrefabAsset: {fileID: 0}
  m_Name: 
  m_EffectID: 4e15d7ecf7c83544793cf2f6b36f8ec3
  m_EffectName: Highpass
  m_MixLevel: 2f2226b575f803443a34c3d8b311a730
  m_Parameters:
  - m_ParameterName: Cutoff freq
    m_GUID: d1786d3d999b15e44897176dcace516d
  - m_ParameterName: Resonance
    m_GUID: 7af76ec15c533834388f0ec820a282ca
  m_SendTarget: {fileID: 0}
  m_EnableWetMix: 0
  m_Bypass: 0
--- !u!245 &5662234750521492327
AudioMixerSnapshotController:
  m_ObjectHideFlags: 0
  m_CorrespondingSourceObject: {fileID: 0}
  m_PrefabInstance: {fileID: 0}
  m_PrefabAsset: {fileID: 0}
  m_Name: Music Lowpass - Metal Interior Reverb
  m_AudioMixer: {fileID: 24100000}
  m_SnapshotID: f3cf2919a1aab8f489d5e01231eaccf1
  m_FloatValues:
    4a60a850a7bd4ff47b641029cce9f3a0: 0.83
    d1019480a4d513641a81631b39cbc5c7: -1046
    2ca73ea2bf63700499a7714ebb9fb2cd: -151
    365243b2fa351c24a9205ab8d89d1869: 0
    1912b2e249d1f2045b5b848fc4d45bd5: -1646
    d16a93e2eb8ea194ca368f2121969a69: 0
    089286138e4eae9418b71f4f18a350ce: -80
    bc9635338485f7a488b5fe994bbac1de: 0
    bda9b363266938a41a6e599e5b532267: 5000
    aa905863a3f21884fb0b698ff62dbd20: 0.002
    97652f73d6f37a442b3a2ca8b4dca089: 1
    1ccacb8339160024ea4c627a0d4f180a: 100
    309e5d83e8ca1c748930dd58551dc151: 0.02
    ca1510b3c71076f4b8a83d5f4dd0787b: 53
    47765034697523f4a989d0cab2aecc7c: 100
    298f1134fd2688e4185ebdfaf9c13e1e: 774
    19f69a54029c9f446acdf0cba555951c: -1000
    d7258d9419b907a4e9a9266257ef117c: 1100
    3bd9bcf50d9d59e468946f00b487825d: 0.4
    a32b0706168af474d8e4f0dda5ddd937: -750
    c45163165e2eb40d09789575b27100a7: 0
    315cd926daf5d4242952638446663810: 2
    b5b34746b72e63c4e94e42a4c6172fbd: 0.025
    bf928df63c7b6664eb61a023ae72c54d: 0.03
    06719147ad871f0409be3086557730d2: 774
    0aee1e77154389a45a2d9027376f50ec: 0
    7e892d0881cd68643bd87403de64b2c3: 0
    1d87204861c4408499ce6cd0aa1f9660: -454
    90047c684e7446c4bb77a311fed089eb: 250
    c32e4fa83ebff2b42be225d8afa77284: -151
    664e3cd808da8704db48c182cbda263c: -626
    ba3ed5295b696ff4ba96b577680b4c7c: 0
    2d084179410146d46b5d751c3dc83af6: 1
    dc9873891cb103244922903359650347: -1000
    23bff299a78b33044bdfc31068708719: 1
    30986cda2caced14e90c696b36241c76: 2
    1c67d78bfa306424995b19cae7348a6d: 0.1
    30db859cdf13747ac8c9ca30fabb3f65: 0
    bf3cf23d0e77045459e9e887b383a344: 0.1
    d1786d3d999b15e44897176dcace516d: 10
    c12d928d60bb407408f4854863c1ada7: 128
    7f7ba1ad8075d49438aec30fab8a173a: -1000
    9a6bcdfdc1fbca146bd53da410cfb257: -626
    0ccfd82ed22c8452596b6a01aa629ac5: 0
    fda8734e4dd5d9443ab7d4f862c6f76c: 5
    b4d54dde3fd5cf74a9ed8e60496d5b5d: 1
    3f65d70f1e3fe5542a4567c6bb05b6ed: 0.03
    cbb79f4f926e1a448a0423997717bdc2: 0.003
    ef20608fe06fd874991c699ac07201e0: 0.53
  m_TransitionOverrides: {}
--- !u!244 &5903001337403156307
AudioMixerEffectController:
  m_ObjectHideFlags: 3
  m_CorrespondingSourceObject: {fileID: 0}
  m_PrefabInstance: {fileID: 0}
  m_PrefabAsset: {fileID: 0}
  m_Name: 
  m_EffectID: 1ea2e6c0b36254d40bd9e185d5c64bd4
  m_EffectName: Pitch Shifter
  m_MixLevel: c8ac89bda818af44cb1f4367e2d693c6
  m_Parameters:
  - m_ParameterName: Pitch
    m_GUID: c24f65dd3cf444e4eaf8fab3c32a4b0a
  - m_ParameterName: FFT size
    m_GUID: a82977bf9d9a51044b7a84fafa8cb1d3
  - m_ParameterName: Overlap
    m_GUID: 787fa893716aaa74fbd07778ea05fee3
  - m_ParameterName: Max channels
    m_GUID: 263157fa29d6b4743862aafeab773a12
  m_SendTarget: {fileID: 0}
  m_EnableWetMix: 0
  m_Bypass: 0
--- !u!245 &6444902703154911929
AudioMixerSnapshotController:
  m_ObjectHideFlags: 0
  m_CorrespondingSourceObject: {fileID: 0}
  m_PrefabInstance: {fileID: 0}
  m_PrefabAsset: {fileID: 0}
  m_Name: Music Lowpass - Sewerpipe Reverb
  m_AudioMixer: {fileID: 24100000}
  m_SnapshotID: b86b819cc6f5d4243ac1f62ee2c54566
  m_FloatValues:
    4a60a850a7bd4ff47b641029cce9f3a0: 0.83
    d1019480a4d513641a81631b39cbc5c7: 429
    b0bd6f312c304e547b0e5d17ef465a44: 60
    2ca73ea2bf63700499a7714ebb9fb2cd: -151
    365243b2fa351c24a9205ab8d89d1869: 0
    1912b2e249d1f2045b5b848fc4d45bd5: -1646
    d16a93e2eb8ea194ca368f2121969a69: 0
    089286138e4eae9418b71f4f18a350ce: -80
    bc9635338485f7a488b5fe994bbac1de: 0
    bda9b363266938a41a6e599e5b532267: 5000
    aa905863a3f21884fb0b698ff62dbd20: 0.002
    97652f73d6f37a442b3a2ca8b4dca089: 1
    1ccacb8339160024ea4c627a0d4f180a: 100
    309e5d83e8ca1c748930dd58551dc151: 0.021
    ca1510b3c71076f4b8a83d5f4dd0787b: 53
    47765034697523f4a989d0cab2aecc7c: 100
    298f1134fd2688e4185ebdfaf9c13e1e: 774
    19f69a54029c9f446acdf0cba555951c: -1000
    d7258d9419b907a4e9a9266257ef117c: 1100
    3bd9bcf50d9d59e468946f00b487825d: 0.4
    a32b0706168af474d8e4f0dda5ddd937: -1000
    c45163165e2eb40d09789575b27100a7: 0
    315cd926daf5d4242952638446663810: 2
    b5b34746b72e63c4e94e42a4c6172fbd: 0.014
    bf928df63c7b6664eb61a023ae72c54d: 0.03
    06719147ad871f0409be3086557730d2: 774
    0aee1e77154389a45a2d9027376f50ec: 0
    7e892d0881cd68643bd87403de64b2c3: 0
    1d87204861c4408499ce6cd0aa1f9660: -454
    90047c684e7446c4bb77a311fed089eb: 250
    c32e4fa83ebff2b42be225d8afa77284: -151
    664e3cd808da8704db48c182cbda263c: -626
    ba3ed5295b696ff4ba96b577680b4c7c: 0
    2d084179410146d46b5d751c3dc83af6: 1
    dc9873891cb103244922903359650347: -1000
    23bff299a78b33044bdfc31068708719: 1
    30986cda2caced14e90c696b36241c76: 2
    1c67d78bfa306424995b19cae7348a6d: 0.1
    ff18a89bbeaa12a419335a515824c304: 80
    30db859cdf13747ac8c9ca30fabb3f65: 0
    bf3cf23d0e77045459e9e887b383a344: 0.1
    d1786d3d999b15e44897176dcace516d: 10
    c12d928d60bb407408f4854863c1ada7: 1023
    7f7ba1ad8075d49438aec30fab8a173a: -1000
    9a6bcdfdc1fbca146bd53da410cfb257: -626
    0ccfd82ed22c8452596b6a01aa629ac5: 0
    fda8734e4dd5d9443ab7d4f862c6f76c: 2.81
    b4d54dde3fd5cf74a9ed8e60496d5b5d: 1
    3f65d70f1e3fe5542a4567c6bb05b6ed: 0.03
    cbb79f4f926e1a448a0423997717bdc2: 0.003
    ef20608fe06fd874991c699ac07201e0: 0.14
  m_TransitionOverrides: {}
--- !u!245 &7800068588266093107
AudioMixerSnapshotController:
  m_ObjectHideFlags: 0
  m_CorrespondingSourceObject: {fileID: 0}
  m_PrefabInstance: {fileID: 0}
  m_PrefabAsset: {fileID: 0}
  m_Name: Peak Plateau - Exterior
  m_AudioMixer: {fileID: 24100000}
  m_SnapshotID: 9bacfe937ab49ed4ca843e90b7bab9e1
  m_FloatValues:
    d1019480a4d513641a81631b39cbc5c7: -2780
    d2d6cca05f9d9204a983e173681aa5f3: -1750
    2ca73ea2bf63700499a7714ebb9fb2cd: -151
    d16a93e2eb8ea194ca368f2121969a69: 0
    089286138e4eae9418b71f4f18a350ce: -78.18065
    bc9635338485f7a488b5fe994bbac1de: -10000
    bda9b363266938a41a6e599e5b532267: 5000
    97652f73d6f37a442b3a2ca8b4dca089: 1
    1ccacb8339160024ea4c627a0d4f180a: 100
    309e5d83e8ca1c748930dd58551dc151: 0.1
    925e9aa3c6d899643bf273723f96184d: 1.49
    2084f2f3a9f5df54d81df608f2baa4bd: 63.5
    57d4daf32f1797f48afbc8a2c8612cdd: -1000
    47765034697523f4a989d0cab2aecc7c: 100
    298f1134fd2688e4185ebdfaf9c13e1e: 774
    19f69a54029c9f446acdf0cba555951c: -1000
    d7258d9419b907a4e9a9266257ef117c: 22000
    d5cf8bd4cbebdf642af78e0e455997bc: -6390
    a32b0706168af474d8e4f0dda5ddd937: -2500
    c45163165e2eb40d09789575b27100a7: 0
    315cd926daf5d4242952638446663810: 2
    b5b34746b72e63c4e94e42a4c6172fbd: 0.3
    a227fac649faf7142b1ee3bce34534f4: 5
    bf928df63c7b6664eb61a023ae72c54d: 0.03
    06719147ad871f0409be3086557730d2: 774
    0aee1e77154389a45a2d9027376f50ec: 0
    7e892d0881cd68643bd87403de64b2c3: 0
    90047c684e7446c4bb77a311fed089eb: 250
    c32e4fa83ebff2b42be225d8afa77284: -151
    664e3cd808da8704db48c182cbda263c: -626
    c929f80959871184fbc09e8f42e5c790: 0.175
    ba3ed5295b696ff4ba96b577680b4c7c: 0.175
    dc9873891cb103244922903359650347: -1000
    23bff299a78b33044bdfc31068708719: 10
    ae5fcd1a605032b4daa3824bc9187f6d: -467
    30986cda2caced14e90c696b36241c76: 2
    1c67d78bfa306424995b19cae7348a6d: 0.1
    ff18a89bbeaa12a419335a515824c304: 27
    bf3cf23d0e77045459e9e887b383a344: 0.1
    d1786d3d999b15e44897176dcace516d: 10
    c12d928d60bb407408f4854863c1ada7: -434
    d99a989d15f923f4a9a493055bcc0873: 0.055
    7f7ba1ad8075d49438aec30fab8a173a: -1000
    420fa0cd3e817c14aacb98ec9beb334c: 0.52
    9a6bcdfdc1fbca146bd53da410cfb257: -626
    0ccfd82ed22c8452596b6a01aa629ac5: 0
    fda8734e4dd5d9443ab7d4f862c6f76c: 1.49
    b4d54dde3fd5cf74a9ed8e60496d5b5d: 1
    3f65d70f1e3fe5542a4567c6bb05b6ed: 0.03
    ef20608fe06fd874991c699ac07201e0: 0.21
    8282319f9cd1f9c4baf5c3794f804ca3: 0
  m_TransitionOverrides: {}
--- !u!244 &8323889010490534710
AudioMixerEffectController:
  m_ObjectHideFlags: 3
  m_CorrespondingSourceObject: {fileID: 0}
  m_PrefabInstance: {fileID: 0}
  m_PrefabAsset: {fileID: 0}
  m_Name: 
  m_EffectID: d175b341d8f5db047b3dc05006e88336
  m_EffectName: Duck Volume
  m_MixLevel: 23c6b63b52bb66a42988dbb4b0437df2
  m_Parameters:
  - m_ParameterName: Threshold
    m_GUID: 79ab0f17bfd60ce4bbefe0e7573c4536
  - m_ParameterName: Ratio
    m_GUID: d45ca760c09dba44a8e58832e33867fb
  - m_ParameterName: Attack Time
    m_GUID: f598d9af5a1b0c4429e19fde2ee44d4c
  - m_ParameterName: Release Time
    m_GUID: 6e5df03656b827b419a32173497dbd74
  - m_ParameterName: Make-up Gain
    m_GUID: 1aac1a3cdb291fe4b8c7f8a7e9aaec84
  - m_ParameterName: Knee
    m_GUID: e7bc9130f798feb46b47030b7e332c50
  - m_ParameterName: Sidechain Mix
    m_GUID: 8c047ce17e8ecfd488fd5d5d91e7bed8
  m_SendTarget: {fileID: 0}
  m_EnableWetMix: 0
  m_Bypass: 0
--- !u!244 &8879316531211365327
AudioMixerEffectController:
  m_ObjectHideFlags: 3
  m_CorrespondingSourceObject: {fileID: 0}
  m_PrefabInstance: {fileID: 0}
  m_PrefabAsset: {fileID: 0}
  m_Name: 
  m_EffectID: 51bfddfff60db154e8ed2ffa8dfe00cc
  m_EffectName: Flange
  m_MixLevel: 0c8f2c302399be844b3dfbe73c0189db
  m_Parameters:
  - m_ParameterName: Drymix
    m_GUID: 97652f73d6f37a442b3a2ca8b4dca089
  - m_ParameterName: Wetmix
    m_GUID: d16a93e2eb8ea194ca368f2121969a69
  - m_ParameterName: Depth
    m_GUID: b421c4b3f2a35f642931b23da385142c
  - m_ParameterName: Rate
    m_GUID: ae391eab2b8d87d48bacfa65e49a4b4d
  m_SendTarget: {fileID: 0}
  m_EnableWetMix: 0
  m_Bypass: 0
