%YAML 1.1
%TAG !u! tag:unity3d.com,2011:
--- !u!1 &5663946761443395479
GameObject:
  m_ObjectHideFlags: 0
  m_CorrespondingSourceObject: {fileID: 0}
  m_PrefabInstance: {fileID: 0}
  m_PrefabAsset: {fileID: 0}
  serializedVersion: 6
  m_Component:
  - component: {fileID: 1195090396770379406}
  - component: {fileID: 5832663249889468324}
  - component: {fileID: 1048176540507817611}
  - component: {fileID: 5201727227007780807}
  m_Layer: 13
  m_Name: Emitter
  m_TagString: Untagged
  m_Icon: {fileID: 0}
  m_NavMeshLayer: 0
  m_StaticEditorFlags: 0
  m_IsActive: 1
--- !u!4 &1195090396770379406
Transform:
  m_ObjectHideFlags: 0
  m_CorrespondingSourceObject: {fileID: 0}
  m_PrefabInstance: {fileID: 0}
  m_PrefabAsset: {fileID: 0}
  m_GameObject: {fileID: 5663946761443395479}
  m_LocalRotation: {x: 0, y: 0, z: 0, w: 1}
  m_LocalPosition: {x: 0, y: 1.208, z: 1.219}
  m_LocalScale: {x: 1, y: 1, z: 1}
  m_Children: []
  m_Father: {fileID: 198174746697345979}
  m_RootOrder: 0
  m_LocalEulerAnglesHint: {x: 0, y: 0, z: 0}
--- !u!114 &5832663249889468324
MonoBehaviour:
  m_ObjectHideFlags: 0
  m_CorrespondingSourceObject: {fileID: 0}
  m_PrefabInstance: {fileID: 0}
  m_PrefabAsset: {fileID: 0}
  m_GameObject: {fileID: 5663946761443395479}
  m_Enabled: 0
  m_EditorHideFlags: 0
  m_Script: {fileID: 11500000, guid: 79f553317726a4398b3c5bcb8faf5d27, type: 3}
  m_Name: 
  m_EditorClassIdentifier: 
  pattern: {fileID: 5201727227007780807}
  placementOffset: 0
  startupDuration: 1
  rateOfFire: 0
  firePoint: {fileID: 0}
  projectilePrefab: {fileID: 2736878249226383522, guid: 5e3658a5d0f4d9044910c40e20b395b5,
    type: 3}
  size: 1
  speed: 8
  ignoreRootCheck: {fileID: 0}
  onEnable:
    m_PersistentCalls:
      m_Calls: []
  repeatOnEnable: 0
  onFire:
    m_PersistentCalls:
      m_Calls:
      - m_Target: {fileID: 64000738175858809}
        m_MethodName: Play
        m_Mode: 1
        m_Arguments:
          m_ObjectArgument: {fileID: 0}
          m_ObjectArgumentAssemblyTypeName: UnityEngine.Object, UnityEngine
          m_IntArgument: 0
          m_FloatArgument: 0
          m_StringArgument: 
          m_BoolArgument: 0
        m_CallState: 2
      - m_Target: {fileID: 1316979027570597891}
        m_MethodName: Trigger3DSound
        m_Mode: 2
        m_Arguments:
          m_ObjectArgument: {fileID: 8300000, guid: 67473501bc879431896f6f15dd108bb4,
            type: 3}
          m_ObjectArgumentAssemblyTypeName: UnityEngine.AudioClip, UnityEngine
          m_IntArgument: 0
          m_FloatArgument: 0
          m_StringArgument: 
          m_BoolArgument: 0
        m_CallState: 2
--- !u!114 &1048176540507817611
MonoBehaviour:
  m_ObjectHideFlags: 0
  m_CorrespondingSourceObject: {fileID: 0}
  m_PrefabInstance: {fileID: 0}
  m_PrefabAsset: {fileID: 0}
  m_GameObject: {fileID: 5663946761443395479}
  m_Enabled: 1
  m_EditorHideFlags: 0
  m_Script: {fileID: 11500000, guid: 6fc4780846cc0414f8d84a1e8bae13b8, type: 3}
  m_Name: 
  m_EditorClassIdentifier: 
  applyAiming: 0
  duration: 1
  durationVariance: 0
  gravity: 7
  torque: 0
--- !u!114 &5201727227007780807
MonoBehaviour:
  m_ObjectHideFlags: 0
  m_CorrespondingSourceObject: {fileID: 0}
  m_PrefabInstance: {fileID: 0}
  m_PrefabAsset: {fileID: 0}
  m_GameObject: {fileID: 5663946761443395479}
  m_Enabled: 1
  m_EditorHideFlags: 0
  m_Script: {fileID: 11500000, guid: 35294d31016693940a8be1b9d7d9a3a4, type: 3}
  m_Name: 
  m_EditorClassIdentifier: 
  drawDebug: 0
--- !u!114 &7303827235503834808
MonoBehaviour:
  m_ObjectHideFlags: 0
  m_CorrespondingSourceObject: {fileID: 0}
  m_PrefabInstance: {fileID: 0}
  m_PrefabAsset: {fileID: 0}
  m_GameObject: {fileID: 8848809398987189802}
  m_Enabled: 1
  m_EditorHideFlags: 0
  m_Script: {fileID: 11500000, guid: 99452f1fd296147508eb60dac31dc7a7, type: 3}
  m_Name: 
  m_EditorClassIdentifier: 
--- !u!1001 &3046583134812880146
PrefabInstance:
  m_ObjectHideFlags: 0
  serializedVersion: 2
  m_Modification:
    m_TransformParent: {fileID: 0}
    m_Modifications:
    - target: {fileID: 188681830948696302, guid: 9c2ba87957bc8534c8d9b01e17ac5e02,
        type: 3}
      propertyPath: m_Materials.Array.data[0]
      value: 
      objectReference: {fileID: 2100000, guid: ea12516f394bf4cb0bcd7fbe8ef8a62c, type: 2}
    - target: {fileID: 382167511707191792, guid: 9c2ba87957bc8534c8d9b01e17ac5e02,
        type: 3}
      propertyPath: m_Materials.Array.data[0]
      value: 
      objectReference: {fileID: 2100000, guid: ea12516f394bf4cb0bcd7fbe8ef8a62c, type: 2}
    - target: {fileID: 617937606591711986, guid: 9c2ba87957bc8534c8d9b01e17ac5e02,
        type: 3}
      propertyPath: m_Materials.Array.data[0]
      value: 
      objectReference: {fileID: 2100000, guid: ea12516f394bf4cb0bcd7fbe8ef8a62c, type: 2}
    - target: {fileID: 1179678296216253878, guid: 9c2ba87957bc8534c8d9b01e17ac5e02,
        type: 3}
      propertyPath: m_Materials.Array.data[0]
      value: 
      objectReference: {fileID: 2100000, guid: ea12516f394bf4cb0bcd7fbe8ef8a62c, type: 2}
    - target: {fileID: 1182698341891040519, guid: 9c2ba87957bc8534c8d9b01e17ac5e02,
        type: 3}
      propertyPath: m_Materials.Array.data[0]
      value: 
      objectReference: {fileID: 2100000, guid: ea12516f394bf4cb0bcd7fbe8ef8a62c, type: 2}
    - target: {fileID: 1688343867636634675, guid: 9c2ba87957bc8534c8d9b01e17ac5e02,
        type: 3}
      propertyPath: m_Materials.Array.data[0]
      value: 
      objectReference: {fileID: 2100000, guid: ea12516f394bf4cb0bcd7fbe8ef8a62c, type: 2}
    - target: {fileID: 2959428461667658950, guid: 9c2ba87957bc8534c8d9b01e17ac5e02,
        type: 3}
      propertyPath: _WaveTimeX
      value: 0
      objectReference: {fileID: 0}
    - target: {fileID: 2959428461667658950, guid: 9c2ba87957bc8534c8d9b01e17ac5e02,
        type: 3}
      propertyPath: _WaveTimeY
      value: 3
      objectReference: {fileID: 0}
    - target: {fileID: 2994431804610134346, guid: 9c2ba87957bc8534c8d9b01e17ac5e02,
        type: 3}
      propertyPath: projectilePrefab
      value: 
      objectReference: {fileID: 2800978816519920658, guid: acbcef7d5fdd14e1c9669137fa5660e2,
        type: 3}
    - target: {fileID: 3163469445348454794, guid: 9c2ba87957bc8534c8d9b01e17ac5e02,
        type: 3}
      propertyPath: m_Materials.Array.data[0]
      value: 
      objectReference: {fileID: 2100000, guid: ea12516f394bf4cb0bcd7fbe8ef8a62c, type: 2}
    - target: {fileID: 3258900591134567873, guid: 9c2ba87957bc8534c8d9b01e17ac5e02,
        type: 3}
      propertyPath: m_Materials.Array.data[0]
      value: 
      objectReference: {fileID: 2100000, guid: ea12516f394bf4cb0bcd7fbe8ef8a62c, type: 2}
    - target: {fileID: 3349153769380697548, guid: 9c2ba87957bc8534c8d9b01e17ac5e02,
        type: 3}
      propertyPath: m_Materials.Array.data[0]
      value: 
      objectReference: {fileID: 2100000, guid: ea12516f394bf4cb0bcd7fbe8ef8a62c, type: 2}
    - target: {fileID: 3485741668466629140, guid: 9c2ba87957bc8534c8d9b01e17ac5e02,
        type: 3}
      propertyPath: m_Materials.Array.data[0]
      value: 
      objectReference: {fileID: 2100000, guid: ea12516f394bf4cb0bcd7fbe8ef8a62c, type: 2}
    - target: {fileID: 4013223662317146775, guid: 9c2ba87957bc8534c8d9b01e17ac5e02,
        type: 3}
      propertyPath: attackData.cooldown
      value: 5
      objectReference: {fileID: 0}
    - target: {fileID: 4411674579324301897, guid: 9c2ba87957bc8534c8d9b01e17ac5e02,
        type: 3}
      propertyPath: m_Materials.Array.data[0]
      value: 
      objectReference: {fileID: 2100000, guid: ea12516f394bf4cb0bcd7fbe8ef8a62c, type: 2}
    - target: {fileID: 4430460384966000320, guid: 9c2ba87957bc8534c8d9b01e17ac5e02,
        type: 3}
      propertyPath: integerEvents._values.Array.data[0].m_PersistentCalls.m_Calls.Array.size
      value: 1
      objectReference: {fileID: 0}
    - target: {fileID: 4430460384966000320, guid: 9c2ba87957bc8534c8d9b01e17ac5e02,
        type: 3}
      propertyPath: integerEvents._values.Array.data[1].m_PersistentCalls.m_Calls.Array.size
      value: 2
      objectReference: {fileID: 0}
    - target: {fileID: 4430460384966000320, guid: 9c2ba87957bc8534c8d9b01e17ac5e02,
        type: 3}
      propertyPath: integerEvents._values.Array.data[0].m_PersistentCalls.m_Calls.Array.data[1].m_Mode
      value: 2
      objectReference: {fileID: 0}
    - target: {fileID: 4430460384966000320, guid: 9c2ba87957bc8534c8d9b01e17ac5e02,
        type: 3}
      propertyPath: integerEvents._values.Array.data[1].m_PersistentCalls.m_Calls.Array.data[1].m_Mode
      value: 1
      objectReference: {fileID: 0}
    - target: {fileID: 4430460384966000320, guid: 9c2ba87957bc8534c8d9b01e17ac5e02,
        type: 3}
      propertyPath: integerEvents._values.Array.data[1].m_PersistentCalls.m_Calls.Array.data[2].m_Mode
      value: 2
      objectReference: {fileID: 0}
    - target: {fileID: 4430460384966000320, guid: 9c2ba87957bc8534c8d9b01e17ac5e02,
        type: 3}
      propertyPath: integerEvents._values.Array.data[0].m_PersistentCalls.m_Calls.Array.data[1].m_Target
      value: 
      objectReference: {fileID: 6017539948238387570}
    - target: {fileID: 4430460384966000320, guid: 9c2ba87957bc8534c8d9b01e17ac5e02,
        type: 3}
      propertyPath: integerEvents._values.Array.data[1].m_PersistentCalls.m_Calls.Array.data[1].m_Target
      value: 
      objectReference: {fileID: 3871278852875039801}
    - target: {fileID: 4430460384966000320, guid: 9c2ba87957bc8534c8d9b01e17ac5e02,
        type: 3}
      propertyPath: integerEvents._values.Array.data[1].m_PersistentCalls.m_Calls.Array.data[2].m_Target
      value: 
      objectReference: {fileID: 6017539948238387570}
    - target: {fileID: 4430460384966000320, guid: 9c2ba87957bc8534c8d9b01e17ac5e02,
        type: 3}
      propertyPath: integerEvents._values.Array.data[2].m_PersistentCalls.m_Calls.Array.data[0].m_Target
      value: 
      objectReference: {fileID: 7669559500250012509}
    - target: {fileID: 4430460384966000320, guid: 9c2ba87957bc8534c8d9b01e17ac5e02,
        type: 3}
      propertyPath: integerEvents._values.Array.data[0].m_PersistentCalls.m_Calls.Array.data[1].m_CallState
      value: 2
      objectReference: {fileID: 0}
    - target: {fileID: 4430460384966000320, guid: 9c2ba87957bc8534c8d9b01e17ac5e02,
        type: 3}
      propertyPath: integerEvents._values.Array.data[1].m_PersistentCalls.m_Calls.Array.data[1].m_CallState
      value: 2
      objectReference: {fileID: 0}
    - target: {fileID: 4430460384966000320, guid: 9c2ba87957bc8534c8d9b01e17ac5e02,
        type: 3}
      propertyPath: integerEvents._values.Array.data[1].m_PersistentCalls.m_Calls.Array.data[2].m_CallState
      value: 2
      objectReference: {fileID: 0}
    - target: {fileID: 4430460384966000320, guid: 9c2ba87957bc8534c8d9b01e17ac5e02,
        type: 3}
      propertyPath: integerEvents._values.Array.data[0].m_PersistentCalls.m_Calls.Array.data[1].m_MethodName
      value: Trigger3DSound
      objectReference: {fileID: 0}
    - target: {fileID: 4430460384966000320, guid: 9c2ba87957bc8534c8d9b01e17ac5e02,
        type: 3}
      propertyPath: integerEvents._values.Array.data[1].m_PersistentCalls.m_Calls.Array.data[1].m_MethodName
      value: Stop
      objectReference: {fileID: 0}
    - target: {fileID: 4430460384966000320, guid: 9c2ba87957bc8534c8d9b01e17ac5e02,
        type: 3}
      propertyPath: integerEvents._values.Array.data[1].m_PersistentCalls.m_Calls.Array.data[2].m_MethodName
      value: Trigger3DSound
      objectReference: {fileID: 0}
    - target: {fileID: 4430460384966000320, guid: 9c2ba87957bc8534c8d9b01e17ac5e02,
        type: 3}
      propertyPath: integerEvents._values.Array.data[0].m_PersistentCalls.m_Calls.Array.data[1].m_Arguments.m_BoolArgument
      value: 1
      objectReference: {fileID: 0}
    - target: {fileID: 4430460384966000320, guid: 9c2ba87957bc8534c8d9b01e17ac5e02,
        type: 3}
      propertyPath: integerEvents._values.Array.data[0].m_PersistentCalls.m_Calls.Array.data[1].m_Arguments.m_ObjectArgument
      value: 
      objectReference: {fileID: 8300000, guid: 784d65f0f484a496691255b21a8ad9f5, type: 3}
    - target: {fileID: 4430460384966000320, guid: 9c2ba87957bc8534c8d9b01e17ac5e02,
        type: 3}
      propertyPath: integerEvents._values.Array.data[1].m_PersistentCalls.m_Calls.Array.data[2].m_Arguments.m_ObjectArgument
      value: 
      objectReference: {fileID: 8300000, guid: 4a5df0dfc995d4fb1b58abc556cbd4e9, type: 3}
    - target: {fileID: 4430460384966000320, guid: 9c2ba87957bc8534c8d9b01e17ac5e02,
        type: 3}
      propertyPath: integerEvents._values.Array.data[0].m_PersistentCalls.m_Calls.Array.data[1].m_Arguments.m_ObjectArgumentAssemblyTypeName
      value: UnityEngine.AudioClip, UnityEngine
      objectReference: {fileID: 0}
    - target: {fileID: 4430460384966000320, guid: 9c2ba87957bc8534c8d9b01e17ac5e02,
        type: 3}
      propertyPath: integerEvents._values.Array.data[1].m_PersistentCalls.m_Calls.Array.data[1].m_Arguments.m_ObjectArgumentAssemblyTypeName
      value: UnityEngine.Object, UnityEngine
      objectReference: {fileID: 0}
    - target: {fileID: 4430460384966000320, guid: 9c2ba87957bc8534c8d9b01e17ac5e02,
        type: 3}
      propertyPath: integerEvents._values.Array.data[1].m_PersistentCalls.m_Calls.Array.data[2].m_Arguments.m_ObjectArgumentAssemblyTypeName
      value: UnityEngine.AudioClip, UnityEngine
      objectReference: {fileID: 0}
    - target: {fileID: 4601672247900914103, guid: 9c2ba87957bc8534c8d9b01e17ac5e02,
        type: 3}
      propertyPath: m_Materials.Array.data[0]
      value: 
      objectReference: {fileID: 0}
    - target: {fileID: 4918316017148266307, guid: 9c2ba87957bc8534c8d9b01e17ac5e02,
        type: 3}
      propertyPath: m_Materials.Array.data[0]
      value: 
      objectReference: {fileID: 2100000, guid: ea12516f394bf4cb0bcd7fbe8ef8a62c, type: 2}
    - target: {fileID: 5308954724332636032, guid: 9c2ba87957bc8534c8d9b01e17ac5e02,
        type: 3}
      propertyPath: m_Materials.Array.data[0]
      value: 
      objectReference: {fileID: 2100000, guid: ea12516f394bf4cb0bcd7fbe8ef8a62c, type: 2}
    - target: {fileID: 5586234412650008281, guid: 9c2ba87957bc8534c8d9b01e17ac5e02,
        type: 3}
      propertyPath: m_Materials.Array.data[0]
      value: 
      objectReference: {fileID: 2100000, guid: ea12516f394bf4cb0bcd7fbe8ef8a62c, type: 2}
    - target: {fileID: 5966652082353317043, guid: 9c2ba87957bc8534c8d9b01e17ac5e02,
        type: 3}
      propertyPath: mute
      value: 1
      objectReference: {fileID: 0}
    - target: {fileID: 6058579109737561530, guid: 9c2ba87957bc8534c8d9b01e17ac5e02,
        type: 3}
      propertyPath: m_Materials.Array.data[0]
      value: 
      objectReference: {fileID: 2100000, guid: ea12516f394bf4cb0bcd7fbe8ef8a62c, type: 2}
    - target: {fileID: 6710741075912399599, guid: 9c2ba87957bc8534c8d9b01e17ac5e02,
        type: 3}
      propertyPath: m_Materials.Array.data[0]
      value: 
      objectReference: {fileID: 2100000, guid: 2f397d054d3a0441b880a4dbf847145a, type: 2}
    - target: {fileID: 6710741075912399599, guid: 9c2ba87957bc8534c8d9b01e17ac5e02,
        type: 3}
      propertyPath: m_Materials.Array.data[1]
      value: 
      objectReference: {fileID: 2100000, guid: ea12516f394bf4cb0bcd7fbe8ef8a62c, type: 2}
    - target: {fileID: 6710741075912399599, guid: 9c2ba87957bc8534c8d9b01e17ac5e02,
        type: 3}
      propertyPath: m_Materials.Array.data[2]
      value: 
      objectReference: {fileID: 2100000, guid: 5d7dd16ae99194cf996e1f1c51fe2397, type: 2}
    - target: {fileID: 6860926971006368869, guid: 9c2ba87957bc8534c8d9b01e17ac5e02,
        type: 3}
      propertyPath: m_RootOrder
      value: 0
      objectReference: {fileID: 0}
    - target: {fileID: 6860926971006368869, guid: 9c2ba87957bc8534c8d9b01e17ac5e02,
        type: 3}
      propertyPath: m_LocalPosition.x
      value: 2.682
      objectReference: {fileID: 0}
    - target: {fileID: 6860926971006368869, guid: 9c2ba87957bc8534c8d9b01e17ac5e02,
        type: 3}
      propertyPath: m_LocalPosition.y
      value: 0.24
      objectReference: {fileID: 0}
    - target: {fileID: 6860926971006368869, guid: 9c2ba87957bc8534c8d9b01e17ac5e02,
        type: 3}
      propertyPath: m_LocalPosition.z
      value: 0
      objectReference: {fileID: 0}
    - target: {fileID: 6860926971006368869, guid: 9c2ba87957bc8534c8d9b01e17ac5e02,
        type: 3}
      propertyPath: m_LocalRotation.w
      value: 1
      objectReference: {fileID: 0}
    - target: {fileID: 6860926971006368869, guid: 9c2ba87957bc8534c8d9b01e17ac5e02,
        type: 3}
      propertyPath: m_LocalRotation.x
      value: 0
      objectReference: {fileID: 0}
    - target: {fileID: 6860926971006368869, guid: 9c2ba87957bc8534c8d9b01e17ac5e02,
        type: 3}
      propertyPath: m_LocalRotation.y
      value: 0
      objectReference: {fileID: 0}
    - target: {fileID: 6860926971006368869, guid: 9c2ba87957bc8534c8d9b01e17ac5e02,
        type: 3}
      propertyPath: m_LocalRotation.z
      value: 0
      objectReference: {fileID: 0}
    - target: {fileID: 6860926971006368869, guid: 9c2ba87957bc8534c8d9b01e17ac5e02,
        type: 3}
      propertyPath: m_LocalEulerAnglesHint.x
      value: 0
      objectReference: {fileID: 0}
    - target: {fileID: 6860926971006368869, guid: 9c2ba87957bc8534c8d9b01e17ac5e02,
        type: 3}
      propertyPath: m_LocalEulerAnglesHint.y
      value: 0
      objectReference: {fileID: 0}
    - target: {fileID: 6860926971006368869, guid: 9c2ba87957bc8534c8d9b01e17ac5e02,
        type: 3}
      propertyPath: m_LocalEulerAnglesHint.z
      value: 0
      objectReference: {fileID: 0}
    - target: {fileID: 7076089359162763672, guid: 9c2ba87957bc8534c8d9b01e17ac5e02,
        type: 3}
      propertyPath: m_Materials.Array.data[0]
      value: 
      objectReference: {fileID: 2100000, guid: ea12516f394bf4cb0bcd7fbe8ef8a62c, type: 2}
    - target: {fileID: 7681418631708395085, guid: 9c2ba87957bc8534c8d9b01e17ac5e02,
        type: 3}
      propertyPath: m_Materials.Array.data[0]
      value: 
      objectReference: {fileID: 2100000, guid: e470503c776814ce28275df4e8171721, type: 2}
    - target: {fileID: 7681418631708395085, guid: 9c2ba87957bc8534c8d9b01e17ac5e02,
        type: 3}
      propertyPath: m_Materials.Array.data[1]
      value: 
      objectReference: {fileID: 2100000, guid: 108226a61423a4248961b6ccb84c057e, type: 2}
    - target: {fileID: 7681418631708395085, guid: 9c2ba87957bc8534c8d9b01e17ac5e02,
        type: 3}
      propertyPath: m_Materials.Array.data[2]
      value: 
      objectReference: {fileID: 2100000, guid: 108226a61423a4248961b6ccb84c057e, type: 2}
    - target: {fileID: 8161478572714255419, guid: 9c2ba87957bc8534c8d9b01e17ac5e02,
        type: 3}
      propertyPath: m_Materials.Array.data[0]
      value: 
      objectReference: {fileID: 2100000, guid: ea12516f394bf4cb0bcd7fbe8ef8a62c, type: 2}
    - target: {fileID: 8783928524275451472, guid: 9c2ba87957bc8534c8d9b01e17ac5e02,
        type: 3}
      propertyPath: m_Name
      value: Ice Bullets
      objectReference: {fileID: 0}
    - target: {fileID: 8944753330216605932, guid: 9c2ba87957bc8534c8d9b01e17ac5e02,
        type: 3}
      propertyPath: m_Materials.Array.data[0]
      value: 
      objectReference: {fileID: 2100000, guid: ea12516f394bf4cb0bcd7fbe8ef8a62c, type: 2}
    - target: {fileID: 9067152870625307380, guid: 9c2ba87957bc8534c8d9b01e17ac5e02,
        type: 3}
      propertyPath: m_Name
      value: Ground Shooting Golem - Ice
      objectReference: {fileID: 0}
    - target: {fileID: 9076448028763647224, guid: 9c2ba87957bc8534c8d9b01e17ac5e02,
        type: 3}
      propertyPath: m_Materials.Array.data[0]
      value: 
      objectReference: {fileID: 2100000, guid: ea12516f394bf4cb0bcd7fbe8ef8a62c, type: 2}
    m_RemovedComponents: []
  m_SourcePrefab: {fileID: 100100000, guid: 9c2ba87957bc8534c8d9b01e17ac5e02, type: 3}
--- !u!198 &3871278852875039801 stripped
ParticleSystem:
  m_CorrespondingSourceObject: {fileID: 2305324740563077419, guid: 9c2ba87957bc8534c8d9b01e17ac5e02,
    type: 3}
  m_PrefabInstance: {fileID: 3046583134812880146}
  m_PrefabAsset: {fileID: 0}
--- !u!198 &64000738175858809 stripped
ParticleSystem:
  m_CorrespondingSourceObject: {fileID: 3072795719386662251, guid: 9c2ba87957bc8534c8d9b01e17ac5e02,
    type: 3}
  m_PrefabInstance: {fileID: 3046583134812880146}
  m_PrefabAsset: {fileID: 0}
--- !u!198 &7669559500250012509 stripped
ParticleSystem:
  m_CorrespondingSourceObject: {fileID: 4622976365474899535, guid: 9c2ba87957bc8534c8d9b01e17ac5e02,
    type: 3}
  m_PrefabInstance: {fileID: 3046583134812880146}
  m_PrefabAsset: {fileID: 0}
--- !u!4 &8981394452182475929 stripped
Transform:
  m_CorrespondingSourceObject: {fileID: 6261113520892909963, guid: 9c2ba87957bc8534c8d9b01e17ac5e02,
    type: 3}
  m_PrefabInstance: {fileID: 3046583134812880146}
  m_PrefabAsset: {fileID: 0}
--- !u!114 &1316979027570597891 stripped
MonoBehaviour:
  m_CorrespondingSourceObject: {fileID: 4035641201826438417, guid: 9c2ba87957bc8534c8d9b01e17ac5e02,
    type: 3}
  m_PrefabInstance: {fileID: 3046583134812880146}
  m_PrefabAsset: {fileID: 0}
  m_GameObject: {fileID: 0}
  m_Enabled: 1
  m_EditorHideFlags: 0
  m_Script: {fileID: 11500000, guid: 43056b56cb720480e8647719950070c8, type: 3}
  m_Name: 
  m_EditorClassIdentifier: 
--- !u!114 &6017539948238387570 stripped
MonoBehaviour:
  m_CorrespondingSourceObject: {fileID: 8774484918887449696, guid: 9c2ba87957bc8534c8d9b01e17ac5e02,
    type: 3}
  m_PrefabInstance: {fileID: 3046583134812880146}
  m_PrefabAsset: {fileID: 0}
  m_GameObject: {fileID: 0}
  m_Enabled: 1
  m_EditorHideFlags: 0
  m_Script: {fileID: 11500000, guid: 43056b56cb720480e8647719950070c8, type: 3}
  m_Name: 
  m_EditorClassIdentifier: 
--- !u!1001 &7618051335985122101
PrefabInstance:
  m_ObjectHideFlags: 0
  serializedVersion: 2
  m_Modification:
    m_TransformParent: {fileID: 8981394452182475929}
    m_Modifications:
    - target: {fileID: 1402176461796910367, guid: 6fad7df61dcb34c30803c0d6b5e4cde5,
        type: 3}
      propertyPath: m_Name
      value: Lobbed Ice Shot
      objectReference: {fileID: 0}
    - target: {fileID: 6336397941277400463, guid: 6fad7df61dcb34c30803c0d6b5e4cde5,
        type: 3}
      propertyPath: integerEvents._keys.Array.size
      value: 3
      objectReference: {fileID: 0}
    - target: {fileID: 6336397941277400463, guid: 6fad7df61dcb34c30803c0d6b5e4cde5,
        type: 3}
      propertyPath: integerEvents._values.Array.size
      value: 3
      objectReference: {fileID: 0}
    - target: {fileID: 6336397941277400463, guid: 6fad7df61dcb34c30803c0d6b5e4cde5,
        type: 3}
      propertyPath: integerEvents._keys.Array.data[1]
      value: 1
      objectReference: {fileID: 0}
    - target: {fileID: 6336397941277400463, guid: 6fad7df61dcb34c30803c0d6b5e4cde5,
        type: 3}
      propertyPath: integerEvents._keys.Array.data[2]
      value: 2
      objectReference: {fileID: 0}
    - target: {fileID: 6336397941277400463, guid: 6fad7df61dcb34c30803c0d6b5e4cde5,
        type: 3}
      propertyPath: integerEvents._keyValues.Array.size
      value: 3
      objectReference: {fileID: 0}
    - target: {fileID: 6336397941277400463, guid: 6fad7df61dcb34c30803c0d6b5e4cde5,
        type: 3}
      propertyPath: integerEvents._keyValues.Array.data[1]
      value: 1
      objectReference: {fileID: 0}
    - target: {fileID: 6336397941277400463, guid: 6fad7df61dcb34c30803c0d6b5e4cde5,
        type: 3}
      propertyPath: integerEvents._keyValues.Array.data[2]
      value: 2
      objectReference: {fileID: 0}
    - target: {fileID: 6336397941277400463, guid: 6fad7df61dcb34c30803c0d6b5e4cde5,
        type: 3}
      propertyPath: integerEvents._values.Array.data[1].m_TypeName
      value: UnityEngine.Events.UnityEvent, UnityEngine.CoreModule, Version=0.0.0.0,
        Culture=neutral, PublicKeyToken=null
      objectReference: {fileID: 0}
    - target: {fileID: 6336397941277400463, guid: 6fad7df61dcb34c30803c0d6b5e4cde5,
        type: 3}
      propertyPath: integerEvents._values.Array.data[2].m_TypeName
      value: UnityEngine.Events.UnityEvent, UnityEngine.CoreModule, Version=0.0.0.0,
        Culture=neutral, PublicKeyToken=null
      objectReference: {fileID: 0}
    - target: {fileID: 6336397941277400463, guid: 6fad7df61dcb34c30803c0d6b5e4cde5,
        type: 3}
      propertyPath: integerEvents._values.Array.data[0].m_PersistentCalls.m_Calls.Array.size
      value: 2
      objectReference: {fileID: 0}
    - target: {fileID: 6336397941277400463, guid: 6fad7df61dcb34c30803c0d6b5e4cde5,
        type: 3}
      propertyPath: integerEvents._values.Array.data[1].m_PersistentCalls.m_Calls.Array.size
      value: 3
      objectReference: {fileID: 0}
    - target: {fileID: 6336397941277400463, guid: 6fad7df61dcb34c30803c0d6b5e4cde5,
        type: 3}
      propertyPath: integerEvents._values.Array.data[2].m_PersistentCalls.m_Calls.Array.size
      value: 1
      objectReference: {fileID: 0}
    - target: {fileID: 6336397941277400463, guid: 6fad7df61dcb34c30803c0d6b5e4cde5,
        type: 3}
      propertyPath: integerEvents._values.Array.data[0].m_PersistentCalls.m_Calls.Array.data[0].m_Mode
      value: 1
      objectReference: {fileID: 0}
    - target: {fileID: 6336397941277400463, guid: 6fad7df61dcb34c30803c0d6b5e4cde5,
        type: 3}
      propertyPath: integerEvents._values.Array.data[0].m_PersistentCalls.m_Calls.Array.data[1].m_Mode
      value: 2
      objectReference: {fileID: 0}
    - target: {fileID: 6336397941277400463, guid: 6fad7df61dcb34c30803c0d6b5e4cde5,
        type: 3}
      propertyPath: integerEvents._values.Array.data[1].m_PersistentCalls.m_Calls.Array.data[0].m_Mode
      value: 1
      objectReference: {fileID: 0}
    - target: {fileID: 6336397941277400463, guid: 6fad7df61dcb34c30803c0d6b5e4cde5,
        type: 3}
      propertyPath: integerEvents._values.Array.data[1].m_PersistentCalls.m_Calls.Array.data[1].m_Mode
      value: 1
      objectReference: {fileID: 0}
    - target: {fileID: 6336397941277400463, guid: 6fad7df61dcb34c30803c0d6b5e4cde5,
        type: 3}
      propertyPath: integerEvents._values.Array.data[1].m_PersistentCalls.m_Calls.Array.data[2].m_Mode
      value: 2
      objectReference: {fileID: 0}
    - target: {fileID: 6336397941277400463, guid: 6fad7df61dcb34c30803c0d6b5e4cde5,
        type: 3}
      propertyPath: integerEvents._values.Array.data[2].m_PersistentCalls.m_Calls.Array.data[0].m_Mode
      value: 1
      objectReference: {fileID: 0}
    - target: {fileID: 6336397941277400463, guid: 6fad7df61dcb34c30803c0d6b5e4cde5,
        type: 3}
      propertyPath: integerEvents._values.Array.data[0].m_PersistentCalls.m_Calls.Array.data[0].m_Target
      value: 
      objectReference: {fileID: 3871278852875039801}
    - target: {fileID: 6336397941277400463, guid: 6fad7df61dcb34c30803c0d6b5e4cde5,
        type: 3}
      propertyPath: integerEvents._values.Array.data[0].m_PersistentCalls.m_Calls.Array.data[1].m_Target
      value: 
      objectReference: {fileID: 6017539948238387570}
    - target: {fileID: 6336397941277400463, guid: 6fad7df61dcb34c30803c0d6b5e4cde5,
        type: 3}
      propertyPath: integerEvents._values.Array.data[1].m_PersistentCalls.m_Calls.Array.data[0].m_Target
      value: 
      objectReference: {fileID: 3871278852875039801}
    - target: {fileID: 6336397941277400463, guid: 6fad7df61dcb34c30803c0d6b5e4cde5,
        type: 3}
      propertyPath: integerEvents._values.Array.data[1].m_PersistentCalls.m_Calls.Array.data[1].m_Target
      value: 
      objectReference: {fileID: 7669559500250012509}
    - target: {fileID: 6336397941277400463, guid: 6fad7df61dcb34c30803c0d6b5e4cde5,
        type: 3}
      propertyPath: integerEvents._values.Array.data[1].m_PersistentCalls.m_Calls.Array.data[2].m_Target
      value: 
      objectReference: {fileID: 6017539948238387570}
    - target: {fileID: 6336397941277400463, guid: 6fad7df61dcb34c30803c0d6b5e4cde5,
        type: 3}
      propertyPath: integerEvents._values.Array.data[2].m_PersistentCalls.m_Calls.Array.data[0].m_Target
      value: 
      objectReference: {fileID: 7669559500250012509}
    - target: {fileID: 6336397941277400463, guid: 6fad7df61dcb34c30803c0d6b5e4cde5,
        type: 3}
      propertyPath: integerEvents._values.Array.data[0].m_PersistentCalls.m_Calls.Array.data[1].m_CallState
      value: 2
      objectReference: {fileID: 0}
    - target: {fileID: 6336397941277400463, guid: 6fad7df61dcb34c30803c0d6b5e4cde5,
        type: 3}
      propertyPath: integerEvents._values.Array.data[1].m_PersistentCalls.m_Calls.Array.data[0].m_CallState
      value: 2
      objectReference: {fileID: 0}
    - target: {fileID: 6336397941277400463, guid: 6fad7df61dcb34c30803c0d6b5e4cde5,
        type: 3}
      propertyPath: integerEvents._values.Array.data[1].m_PersistentCalls.m_Calls.Array.data[1].m_CallState
      value: 2
      objectReference: {fileID: 0}
    - target: {fileID: 6336397941277400463, guid: 6fad7df61dcb34c30803c0d6b5e4cde5,
        type: 3}
      propertyPath: integerEvents._values.Array.data[1].m_PersistentCalls.m_Calls.Array.data[2].m_CallState
      value: 2
      objectReference: {fileID: 0}
    - target: {fileID: 6336397941277400463, guid: 6fad7df61dcb34c30803c0d6b5e4cde5,
        type: 3}
      propertyPath: integerEvents._values.Array.data[2].m_PersistentCalls.m_Calls.Array.data[0].m_CallState
      value: 2
      objectReference: {fileID: 0}
    - target: {fileID: 6336397941277400463, guid: 6fad7df61dcb34c30803c0d6b5e4cde5,
        type: 3}
      propertyPath: integerEvents._values.Array.data[0].m_PersistentCalls.m_Calls.Array.data[0].m_MethodName
      value: Play
      objectReference: {fileID: 0}
    - target: {fileID: 6336397941277400463, guid: 6fad7df61dcb34c30803c0d6b5e4cde5,
        type: 3}
      propertyPath: integerEvents._values.Array.data[0].m_PersistentCalls.m_Calls.Array.data[1].m_MethodName
      value: Trigger3DSound
      objectReference: {fileID: 0}
    - target: {fileID: 6336397941277400463, guid: 6fad7df61dcb34c30803c0d6b5e4cde5,
        type: 3}
      propertyPath: integerEvents._values.Array.data[1].m_PersistentCalls.m_Calls.Array.data[0].m_MethodName
      value: Stop
      objectReference: {fileID: 0}
    - target: {fileID: 6336397941277400463, guid: 6fad7df61dcb34c30803c0d6b5e4cde5,
        type: 3}
      propertyPath: integerEvents._values.Array.data[1].m_PersistentCalls.m_Calls.Array.data[1].m_MethodName
      value: Play
      objectReference: {fileID: 0}
    - target: {fileID: 6336397941277400463, guid: 6fad7df61dcb34c30803c0d6b5e4cde5,
        type: 3}
      propertyPath: integerEvents._values.Array.data[1].m_PersistentCalls.m_Calls.Array.data[2].m_MethodName
      value: Trigger3DSound
      objectReference: {fileID: 0}
    - target: {fileID: 6336397941277400463, guid: 6fad7df61dcb34c30803c0d6b5e4cde5,
        type: 3}
      propertyPath: integerEvents._values.Array.data[2].m_PersistentCalls.m_Calls.Array.data[0].m_MethodName
      value: Play
      objectReference: {fileID: 0}
    - target: {fileID: 6336397941277400463, guid: 6fad7df61dcb34c30803c0d6b5e4cde5,
        type: 3}
      propertyPath: integerEvents._values.Array.data[0].m_PersistentCalls.m_Calls.Array.data[0].m_Arguments.m_ObjectArgument
      value: 
      objectReference: {fileID: 0}
    - target: {fileID: 6336397941277400463, guid: 6fad7df61dcb34c30803c0d6b5e4cde5,
        type: 3}
      propertyPath: integerEvents._values.Array.data[0].m_PersistentCalls.m_Calls.Array.data[1].m_Arguments.m_ObjectArgument
      value: 
      objectReference: {fileID: 8300000, guid: 784d65f0f484a496691255b21a8ad9f5, type: 3}
    - target: {fileID: 6336397941277400463, guid: 6fad7df61dcb34c30803c0d6b5e4cde5,
        type: 3}
      propertyPath: integerEvents._values.Array.data[1].m_PersistentCalls.m_Calls.Array.data[2].m_Arguments.m_ObjectArgument
      value: 
      objectReference: {fileID: 8300000, guid: 4a5df0dfc995d4fb1b58abc556cbd4e9, type: 3}
    - target: {fileID: 6336397941277400463, guid: 6fad7df61dcb34c30803c0d6b5e4cde5,
        type: 3}
      propertyPath: integerEvents._values.Array.data[0].m_PersistentCalls.m_Calls.Array.data[0].m_Arguments.m_ObjectArgumentAssemblyTypeName
      value: UnityEngine.Object, UnityEngine
      objectReference: {fileID: 0}
    - target: {fileID: 6336397941277400463, guid: 6fad7df61dcb34c30803c0d6b5e4cde5,
        type: 3}
      propertyPath: integerEvents._values.Array.data[0].m_PersistentCalls.m_Calls.Array.data[1].m_Arguments.m_ObjectArgumentAssemblyTypeName
      value: UnityEngine.AudioClip, UnityEngine
      objectReference: {fileID: 0}
    - target: {fileID: 6336397941277400463, guid: 6fad7df61dcb34c30803c0d6b5e4cde5,
        type: 3}
      propertyPath: integerEvents._values.Array.data[1].m_PersistentCalls.m_Calls.Array.data[0].m_Arguments.m_ObjectArgumentAssemblyTypeName
      value: UnityEngine.Object, UnityEngine
      objectReference: {fileID: 0}
    - target: {fileID: 6336397941277400463, guid: 6fad7df61dcb34c30803c0d6b5e4cde5,
        type: 3}
      propertyPath: integerEvents._values.Array.data[1].m_PersistentCalls.m_Calls.Array.data[1].m_Arguments.m_ObjectArgumentAssemblyTypeName
      value: UnityEngine.Object, UnityEngine
      objectReference: {fileID: 0}
    - target: {fileID: 6336397941277400463, guid: 6fad7df61dcb34c30803c0d6b5e4cde5,
        type: 3}
      propertyPath: integerEvents._values.Array.data[1].m_PersistentCalls.m_Calls.Array.data[2].m_Arguments.m_ObjectArgumentAssemblyTypeName
      value: UnityEngine.AudioClip, UnityEngine
      objectReference: {fileID: 0}
    - target: {fileID: 6336397941277400463, guid: 6fad7df61dcb34c30803c0d6b5e4cde5,
        type: 3}
      propertyPath: integerEvents._values.Array.data[2].m_PersistentCalls.m_Calls.Array.data[0].m_Arguments.m_ObjectArgumentAssemblyTypeName
      value: UnityEngine.Object, UnityEngine
      objectReference: {fileID: 0}
    - target: {fileID: 6711091099963142616, guid: 6fad7df61dcb34c30803c0d6b5e4cde5,
        type: 3}
      propertyPath: projectileEmitter
      value: 
      objectReference: {fileID: 5832663249889468324}
    - target: {fileID: 6711091099963142616, guid: 6fad7df61dcb34c30803c0d6b5e4cde5,
        type: 3}
      propertyPath: attackData.cooldown
      value: 5
      objectReference: {fileID: 0}
    - target: {fileID: 6711091099963142616, guid: 6fad7df61dcb34c30803c0d6b5e4cde5,
        type: 3}
      propertyPath: onAttackEnded.m_PersistentCalls.m_Calls.Array.size
      value: 0
      objectReference: {fileID: 0}
    - target: {fileID: 6711091099963142616, guid: 6fad7df61dcb34c30803c0d6b5e4cde5,
        type: 3}
      propertyPath: onAttackStarted.m_PersistentCalls.m_Calls.Array.size
      value: 0
      objectReference: {fileID: 0}
    - target: {fileID: 6711091099963142616, guid: 6fad7df61dcb34c30803c0d6b5e4cde5,
        type: 3}
      propertyPath: attackData.triggerConditions.array.Array.data[0].value
      value: 6
      objectReference: {fileID: 0}
    - target: {fileID: 6711091099963142616, guid: 6fad7df61dcb34c30803c0d6b5e4cde5,
        type: 3}
      propertyPath: attackData.triggerConditions.array.Array.data[1].value
      value: 20
      objectReference: {fileID: 0}
    - target: {fileID: 7744167923317235854, guid: 6fad7df61dcb34c30803c0d6b5e4cde5,
        type: 3}
      propertyPath: m_RootOrder
      value: 1
      objectReference: {fileID: 0}
    - target: {fileID: 7744167923317235854, guid: 6fad7df61dcb34c30803c0d6b5e4cde5,
        type: 3}
      propertyPath: m_LocalPosition.x
      value: 0
      objectReference: {fileID: 0}
    - target: {fileID: 7744167923317235854, guid: 6fad7df61dcb34c30803c0d6b5e4cde5,
        type: 3}
      propertyPath: m_LocalPosition.y
      value: 0
      objectReference: {fileID: 0}
    - target: {fileID: 7744167923317235854, guid: 6fad7df61dcb34c30803c0d6b5e4cde5,
        type: 3}
      propertyPath: m_LocalPosition.z
      value: 0
      objectReference: {fileID: 0}
    - target: {fileID: 7744167923317235854, guid: 6fad7df61dcb34c30803c0d6b5e4cde5,
        type: 3}
      propertyPath: m_LocalRotation.w
      value: 1
      objectReference: {fileID: 0}
    - target: {fileID: 7744167923317235854, guid: 6fad7df61dcb34c30803c0d6b5e4cde5,
        type: 3}
      propertyPath: m_LocalRotation.x
      value: -0
      objectReference: {fileID: 0}
    - target: {fileID: 7744167923317235854, guid: 6fad7df61dcb34c30803c0d6b5e4cde5,
        type: 3}
      propertyPath: m_LocalRotation.y
      value: -0
      objectReference: {fileID: 0}
    - target: {fileID: 7744167923317235854, guid: 6fad7df61dcb34c30803c0d6b5e4cde5,
        type: 3}
      propertyPath: m_LocalRotation.z
      value: -0
      objectReference: {fileID: 0}
    - target: {fileID: 7744167923317235854, guid: 6fad7df61dcb34c30803c0d6b5e4cde5,
        type: 3}
      propertyPath: m_LocalEulerAnglesHint.x
      value: 0
      objectReference: {fileID: 0}
    - target: {fileID: 7744167923317235854, guid: 6fad7df61dcb34c30803c0d6b5e4cde5,
        type: 3}
      propertyPath: m_LocalEulerAnglesHint.y
      value: 0
      objectReference: {fileID: 0}
    - target: {fileID: 7744167923317235854, guid: 6fad7df61dcb34c30803c0d6b5e4cde5,
        type: 3}
      propertyPath: m_LocalEulerAnglesHint.z
      value: 0
      objectReference: {fileID: 0}
    m_RemovedComponents: []
  m_SourcePrefab: {fileID: 100100000, guid: 6fad7df61dcb34c30803c0d6b5e4cde5, type: 3}
--- !u!1 &8848809398987189802 stripped
GameObject:
  m_CorrespondingSourceObject: {fileID: 1402176461796910367, guid: 6fad7df61dcb34c30803c0d6b5e4cde5,
    type: 3}
  m_PrefabInstance: {fileID: 7618051335985122101}
  m_PrefabAsset: {fileID: 0}
--- !u!4 &198174746697345979 stripped
Transform:
  m_CorrespondingSourceObject: {fileID: 7744167923317235854, guid: 6fad7df61dcb34c30803c0d6b5e4cde5,
    type: 3}
  m_PrefabInstance: {fileID: 7618051335985122101}
  m_PrefabAsset: {fileID: 0}
