%YAML 1.1
%TAG !u! tag:unity3d.com,2011:
--- !u!1 &5740562831633035235
GameObject:
  m_ObjectHideFlags: 0
  m_CorrespondingSourceObject: {fileID: 0}
  m_PrefabInstance: {fileID: 0}
  m_PrefabAsset: {fileID: 0}
  serializedVersion: 6
  m_Component:
  - component: {fileID: 5740562831633035234}
  - component: {fileID: 5740562831633035238}
  - component: {fileID: 5740562831633035239}
  - component: {fileID: 5740562831633035233}
  m_Layer: 11
  m_Name: Columns
  m_TagString: Untagged
  m_Icon: {fileID: 0}
  m_NavMeshLayer: 0
  m_StaticEditorFlags: 4294967295
  m_IsActive: 1
--- !u!4 &5740562831633035234
Transform:
  m_ObjectHideFlags: 0
  m_CorrespondingSourceObject: {fileID: 0}
  m_PrefabInstance: {fileID: 0}
  m_PrefabAsset: {fileID: 0}
  m_GameObject: {fileID: 5740562831633035235}
  m_LocalRotation: {x: -0, y: -0, z: -0, w: 1}
  m_LocalPosition: {x: 1.9820004, y: 3.0100002, z: -7.449997}
  m_LocalScale: {x: 1, y: 1, z: 1}
  m_Children:
  - {fileID: 5740562833342038465}
  m_Father: {fileID: 5740562833360886845}
  m_RootOrder: 0
  m_LocalEulerAnglesHint: {x: 0, y: 0, z: 0}
--- !u!33 &5740562831633035238
MeshFilter:
  m_ObjectHideFlags: 0
  m_CorrespondingSourceObject: {fileID: 0}
  m_PrefabInstance: {fileID: 0}
  m_PrefabAsset: {fileID: 0}
  m_GameObject: {fileID: 5740562831633035235}
  m_Mesh: {fileID: 4300000, guid: 254ea30de3652cc4e93d905f06540ccf, type: 2}
--- !u!23 &5740562831633035239
MeshRenderer:
  m_ObjectHideFlags: 0
  m_CorrespondingSourceObject: {fileID: 0}
  m_PrefabInstance: {fileID: 0}
  m_PrefabAsset: {fileID: 0}
  m_GameObject: {fileID: 5740562831633035235}
  m_Enabled: 1
  m_CastShadows: 1
  m_ReceiveShadows: 1
  m_DynamicOccludee: 1
  m_MotionVectors: 1
  m_LightProbeUsage: 1
  m_ReflectionProbeUsage: 1
  m_RayTracingMode: 2
  m_RenderingLayerMask: 1
  m_RendererPriority: 0
  m_Materials:
  - {fileID: 2100000, guid: 1a32f4f991b7c40cda8c74d5a2b1a611, type: 2}
  - {fileID: 2100000, guid: aaba80f2e85f54020a11a6a8d5a2bd39, type: 2}
  m_StaticBatchInfo:
    firstSubMesh: 0
    subMeshCount: 0
  m_StaticBatchRoot: {fileID: 0}
  m_ProbeAnchor: {fileID: 0}
  m_LightProbeVolumeOverride: {fileID: 0}
  m_ScaleInLightmap: 1
  m_ReceiveGI: 1
  m_PreserveUVs: 0
  m_IgnoreNormalsForChartDetection: 0
  m_ImportantGI: 0
  m_StitchLightmapSeams: 0
  m_SelectedEditorRenderState: 2
  m_MinimumChartSize: 4
  m_AutoUVMaxDistance: 0.5
  m_AutoUVMaxAngle: 89
  m_LightmapParameters: {fileID: 0}
  m_SortingLayerID: 0
  m_SortingLayer: 0
  m_SortingOrder: 0
--- !u!64 &5740562831633035233
MeshCollider:
  m_ObjectHideFlags: 0
  m_CorrespondingSourceObject: {fileID: 0}
  m_PrefabInstance: {fileID: 0}
  m_PrefabAsset: {fileID: 0}
  m_GameObject: {fileID: 5740562831633035235}
  m_Material: {fileID: 0}
  m_IsTrigger: 0
  m_Enabled: 1
  serializedVersion: 4
  m_Convex: 0
  m_CookingOptions: 30
  m_Mesh: {fileID: 4300000, guid: 254ea30de3652cc4e93d905f06540ccf, type: 2}
--- !u!1 &5740562832033767298
GameObject:
  m_ObjectHideFlags: 0
  m_CorrespondingSourceObject: {fileID: 0}
  m_PrefabInstance: {fileID: 0}
  m_PrefabAsset: {fileID: 0}
  serializedVersion: 6
  m_Component:
  - component: {fileID: 5740562832033767297}
  - component: {fileID: 5740562832033767301}
  m_Layer: 11
  m_Name: Foot
  m_TagString: NoclipPlatform
  m_Icon: {fileID: 0}
  m_NavMeshLayer: 0
  m_StaticEditorFlags: 4294967295
  m_IsActive: 0
--- !u!4 &5740562832033767297
Transform:
  m_ObjectHideFlags: 0
  m_CorrespondingSourceObject: {fileID: 0}
  m_PrefabInstance: {fileID: 0}
  m_PrefabAsset: {fileID: 0}
  m_GameObject: {fileID: 5740562832033767298}
  m_LocalRotation: {x: -0.10356277, y: 0.51983756, z: -0.29967862, w: 0.7932442}
  m_LocalPosition: {x: -10.110001, y: -5.06, z: 4.2100005}
  m_LocalScale: {x: 1, y: 1.5000005, z: 1}
  m_Children: []
  m_Father: {fileID: 5740562833394232413}
  m_RootOrder: 0
  m_LocalEulerAnglesHint: {x: 8.469001, y: 63.710003, z: -36.124}
--- !u!33 &5740562832033767301
MeshFilter:
  m_ObjectHideFlags: 0
  m_CorrespondingSourceObject: {fileID: 0}
  m_PrefabInstance: {fileID: 0}
  m_PrefabAsset: {fileID: 0}
  m_GameObject: {fileID: 5740562832033767298}
  m_Mesh: {fileID: 0}
--- !u!1 &5740562832159725487
GameObject:
  m_ObjectHideFlags: 0
  m_CorrespondingSourceObject: {fileID: 0}
  m_PrefabInstance: {fileID: 0}
  m_PrefabAsset: {fileID: 0}
  serializedVersion: 6
  m_Component:
  - component: {fileID: 5740562832159725486}
  m_Layer: 11
  m_Name: Windows
  m_TagString: Untagged
  m_Icon: {fileID: 0}
  m_NavMeshLayer: 0
  m_StaticEditorFlags: 0
  m_IsActive: 1
--- !u!4 &5740562832159725486
Transform:
  m_ObjectHideFlags: 0
  m_CorrespondingSourceObject: {fileID: 0}
  m_PrefabInstance: {fileID: 0}
  m_PrefabAsset: {fileID: 0}
  m_GameObject: {fileID: 5740562832159725487}
  m_LocalRotation: {x: 0, y: 0, z: 0, w: 1}
  m_LocalPosition: {x: 0, y: 0, z: 0}
  m_LocalScale: {x: 1, y: 1, z: 1}
  m_Children:
  - {fileID: 5740562832322231528}
  - {fileID: 5740562833170042057}
  - {fileID: 6121789890301199367}
  - {fileID: 6121789888904474790}
  - {fileID: 6121789889313068061}
  - {fileID: 6121789888334572197}
  - {fileID: 6121789888734764290}
  m_Father: {fileID: 5740562833360886845}
  m_RootOrder: 3
  m_LocalEulerAnglesHint: {x: 0, y: 0, z: 0}
--- !u!1 &5740562832322231529
GameObject:
  m_ObjectHideFlags: 0
  m_CorrespondingSourceObject: {fileID: 0}
  m_PrefabInstance: {fileID: 0}
  m_PrefabAsset: {fileID: 0}
  serializedVersion: 6
  m_Component:
  - component: {fileID: 5740562832322231528}
  - component: {fileID: 5740562832322231532}
  - component: {fileID: 5740562832322231533}
  - component: {fileID: 5740562832322231535}
  m_Layer: 11
  m_Name: Window 1
  m_TagString: Untagged
  m_Icon: {fileID: 0}
  m_NavMeshLayer: 0
  m_StaticEditorFlags: 4294967295
  m_IsActive: 1
--- !u!4 &5740562832322231528
Transform:
  m_ObjectHideFlags: 0
  m_CorrespondingSourceObject: {fileID: 0}
  m_PrefabInstance: {fileID: 0}
  m_PrefabAsset: {fileID: 0}
  m_GameObject: {fileID: 5740562832322231529}
  m_LocalRotation: {x: -0, y: 1, z: -0, w: 0}
  m_LocalPosition: {x: 2.97, y: 7.480001, z: 1.3999996}
  m_LocalScale: {x: 1, y: 1, z: 1}
  m_Children: []
  m_Father: {fileID: 5740562832159725486}
  m_RootOrder: 0
  m_LocalEulerAnglesHint: {x: 0, y: 180, z: 0}
--- !u!33 &5740562832322231532
MeshFilter:
  m_ObjectHideFlags: 0
  m_CorrespondingSourceObject: {fileID: 0}
  m_PrefabInstance: {fileID: 0}
  m_PrefabAsset: {fileID: 0}
  m_GameObject: {fileID: 5740562832322231529}
  m_Mesh: {fileID: 4300000, guid: c1fefd5b8260e5e4dbeb8a8df71060b6, type: 2}
--- !u!23 &5740562832322231533
MeshRenderer:
  m_ObjectHideFlags: 0
  m_CorrespondingSourceObject: {fileID: 0}
  m_PrefabInstance: {fileID: 0}
  m_PrefabAsset: {fileID: 0}
  m_GameObject: {fileID: 5740562832322231529}
  m_Enabled: 1
  m_CastShadows: 1
  m_ReceiveShadows: 1
  m_DynamicOccludee: 1
  m_MotionVectors: 1
  m_LightProbeUsage: 1
  m_ReflectionProbeUsage: 1
  m_RayTracingMode: 2
  m_RenderingLayerMask: 1
  m_RendererPriority: 0
  m_Materials:
  - {fileID: 2100000, guid: e29c65935eb274c2899f7c48f5eaa725, type: 2}
  - {fileID: 2100000, guid: 1a32f4f991b7c40cda8c74d5a2b1a611, type: 2}
  - {fileID: 2100000, guid: 784a0665f7a2a417eb49b66df058c744, type: 2}
  - {fileID: 2100000, guid: 772ec03aec3f549f5b9d2e2eb7519e95, type: 2}
  - {fileID: 2100000, guid: aaba80f2e85f54020a11a6a8d5a2bd39, type: 2}
  m_StaticBatchInfo:
    firstSubMesh: 0
    subMeshCount: 0
  m_StaticBatchRoot: {fileID: 0}
  m_ProbeAnchor: {fileID: 0}
  m_LightProbeVolumeOverride: {fileID: 0}
  m_ScaleInLightmap: 1
  m_ReceiveGI: 1
  m_PreserveUVs: 0
  m_IgnoreNormalsForChartDetection: 0
  m_ImportantGI: 0
  m_StitchLightmapSeams: 0
  m_SelectedEditorRenderState: 2
  m_MinimumChartSize: 4
  m_AutoUVMaxDistance: 0.5
  m_AutoUVMaxAngle: 89
  m_LightmapParameters: {fileID: 0}
  m_SortingLayerID: 0
  m_SortingLayer: 0
  m_SortingOrder: 0
--- !u!64 &5740562832322231535
MeshCollider:
  m_ObjectHideFlags: 0
  m_CorrespondingSourceObject: {fileID: 0}
  m_PrefabInstance: {fileID: 0}
  m_PrefabAsset: {fileID: 0}
  m_GameObject: {fileID: 5740562832322231529}
  m_Material: {fileID: 0}
  m_IsTrigger: 0
  m_Enabled: 1
  serializedVersion: 4
  m_Convex: 0
  m_CookingOptions: 30
  m_Mesh: {fileID: 4300000, guid: c1fefd5b8260e5e4dbeb8a8df71060b6, type: 2}
--- !u!1 &5740562832595053627
GameObject:
  m_ObjectHideFlags: 0
  m_CorrespondingSourceObject: {fileID: 0}
  m_PrefabInstance: {fileID: 0}
  m_PrefabAsset: {fileID: 0}
  serializedVersion: 6
  m_Component:
  - component: {fileID: 5740562832595053626}
  - component: {fileID: 5740562832595053630}
  - component: {fileID: 5740562832595053631}
  - component: {fileID: 5740562832595053625}
  m_Layer: 11
  m_Name: Foot
  m_TagString: NoclipPlatform
  m_Icon: {fileID: 0}
  m_NavMeshLayer: 0
  m_StaticEditorFlags: 4294967295
  m_IsActive: 1
--- !u!4 &5740562832595053626
Transform:
  m_ObjectHideFlags: 0
  m_CorrespondingSourceObject: {fileID: 0}
  m_PrefabInstance: {fileID: 0}
  m_PrefabAsset: {fileID: 0}
  m_GameObject: {fileID: 5740562832595053627}
  m_LocalRotation: {x: 0.026889902, y: 0.2928071, z: 0.36995775, w: 0.8812901}
  m_LocalPosition: {x: -5.35, y: -3.06, z: -1.16}
  m_LocalScale: {x: 1, y: 0.91732824, z: 1}
  m_Children: []
  m_Father: {fileID: 5740562833394232413}
  m_RootOrder: 2
  m_LocalEulerAnglesHint: {x: -9.745001, y: 32.945, z: 42.657}
--- !u!33 &5740562832595053630
MeshFilter:
  m_ObjectHideFlags: 0
  m_CorrespondingSourceObject: {fileID: 0}
  m_PrefabInstance: {fileID: 0}
  m_PrefabAsset: {fileID: 0}
  m_GameObject: {fileID: 5740562832595053627}
  m_Mesh: {fileID: 4300000, guid: 6a31f69d1ca794043965cc45044510e4, type: 2}
--- !u!23 &5740562832595053631
MeshRenderer:
  m_ObjectHideFlags: 0
  m_CorrespondingSourceObject: {fileID: 0}
  m_PrefabInstance: {fileID: 0}
  m_PrefabAsset: {fileID: 0}
  m_GameObject: {fileID: 5740562832595053627}
  m_Enabled: 1
  m_CastShadows: 1
  m_ReceiveShadows: 1
  m_DynamicOccludee: 1
  m_MotionVectors: 1
  m_LightProbeUsage: 1
  m_ReflectionProbeUsage: 1
  m_RayTracingMode: 2
  m_RenderingLayerMask: 1
  m_RendererPriority: 0
  m_Materials:
  - {fileID: 2100000, guid: fa902f913a9a545599ff55f251a3d819, type: 2}
  m_StaticBatchInfo:
    firstSubMesh: 0
    subMeshCount: 0
  m_StaticBatchRoot: {fileID: 0}
  m_ProbeAnchor: {fileID: 0}
  m_LightProbeVolumeOverride: {fileID: 0}
  m_ScaleInLightmap: 1
  m_ReceiveGI: 1
  m_PreserveUVs: 0
  m_IgnoreNormalsForChartDetection: 0
  m_ImportantGI: 0
  m_StitchLightmapSeams: 0
  m_SelectedEditorRenderState: 2
  m_MinimumChartSize: 4
  m_AutoUVMaxDistance: 0.5
  m_AutoUVMaxAngle: 89
  m_LightmapParameters: {fileID: 0}
  m_SortingLayerID: 0
  m_SortingLayer: 0
  m_SortingOrder: 0
--- !u!64 &5740562832595053625
MeshCollider:
  m_ObjectHideFlags: 0
  m_CorrespondingSourceObject: {fileID: 0}
  m_PrefabInstance: {fileID: 0}
  m_PrefabAsset: {fileID: 0}
  m_GameObject: {fileID: 5740562832595053627}
  m_Material: {fileID: 0}
  m_IsTrigger: 0
  m_Enabled: 1
  serializedVersion: 4
  m_Convex: 0
  m_CookingOptions: 30
  m_Mesh: {fileID: 4300000, guid: 6a31f69d1ca794043965cc45044510e4, type: 2}
--- !u!1 &5740562832603315342
GameObject:
  m_ObjectHideFlags: 0
  m_CorrespondingSourceObject: {fileID: 0}
  m_PrefabInstance: {fileID: 0}
  m_PrefabAsset: {fileID: 0}
  serializedVersion: 6
  m_Component:
  - component: {fileID: 5740562832603315341}
  - component: {fileID: 5740562832603315331}
  - component: {fileID: 5740562832603315340}
  m_Layer: 0
  m_Name: Impostor
  m_TagString: Untagged
  m_Icon: {fileID: 0}
  m_NavMeshLayer: 0
  m_StaticEditorFlags: 0
  m_IsActive: 1
--- !u!4 &5740562832603315341
Transform:
  m_ObjectHideFlags: 0
  m_CorrespondingSourceObject: {fileID: 0}
  m_PrefabInstance: {fileID: 0}
  m_PrefabAsset: {fileID: 0}
  m_GameObject: {fileID: 5740562832603315342}
  m_LocalRotation: {x: -0, y: -0, z: -0, w: 1}
  m_LocalPosition: {x: 0, y: 0, z: 0}
  m_LocalScale: {x: 1, y: 1, z: 1}
  m_Children: []
  m_Father: {fileID: 5740562833360886845}
  m_RootOrder: 4
  m_LocalEulerAnglesHint: {x: 0, y: 0, z: 0}
--- !u!33 &5740562832603315331
MeshFilter:
  m_ObjectHideFlags: 0
  m_CorrespondingSourceObject: {fileID: 0}
  m_PrefabInstance: {fileID: 0}
  m_PrefabAsset: {fileID: 0}
  m_GameObject: {fileID: 5740562832603315342}
  m_Mesh: {fileID: 43708312609639312, guid: e52b44e65682d42de9466828cb94f588, type: 2}
--- !u!23 &5740562832603315340
MeshRenderer:
  m_ObjectHideFlags: 0
  m_CorrespondingSourceObject: {fileID: 0}
  m_PrefabInstance: {fileID: 0}
  m_PrefabAsset: {fileID: 0}
  m_GameObject: {fileID: 5740562832603315342}
  m_Enabled: 1
  m_CastShadows: 0
  m_ReceiveShadows: 1
  m_DynamicOccludee: 1
  m_MotionVectors: 1
  m_LightProbeUsage: 1
  m_ReflectionProbeUsage: 1
  m_RayTracingMode: 2
  m_RenderingLayerMask: 1
  m_RendererPriority: 0
  m_Materials:
  - {fileID: 21585428538693834, guid: e52b44e65682d42de9466828cb94f588, type: 2}
  m_StaticBatchInfo:
    firstSubMesh: 0
    subMeshCount: 0
  m_StaticBatchRoot: {fileID: 0}
  m_ProbeAnchor: {fileID: 0}
  m_LightProbeVolumeOverride: {fileID: 0}
  m_ScaleInLightmap: 1
  m_ReceiveGI: 1
  m_PreserveUVs: 0
  m_IgnoreNormalsForChartDetection: 0
  m_ImportantGI: 0
  m_StitchLightmapSeams: 0
  m_SelectedEditorRenderState: 3
  m_MinimumChartSize: 4
  m_AutoUVMaxDistance: 0.5
  m_AutoUVMaxAngle: 89
  m_LightmapParameters: {fileID: 0}
  m_SortingLayerID: 0
  m_SortingLayer: 0
  m_SortingOrder: 0
--- !u!1 &5740562833128728905
GameObject:
  m_ObjectHideFlags: 0
  m_CorrespondingSourceObject: {fileID: 0}
  m_PrefabInstance: {fileID: 0}
  m_PrefabAsset: {fileID: 0}
  serializedVersion: 6
  m_Component:
  - component: {fileID: 5740562833128728904}
  - component: {fileID: 5740562833128728908}
  - component: {fileID: 5740562833128728909}
  - component: {fileID: 5740562833128728911}
  m_Layer: 11
  m_Name: Foot
  m_TagString: NoclipPlatform
  m_Icon: {fileID: 0}
  m_NavMeshLayer: 0
  m_StaticEditorFlags: 4294967295
  m_IsActive: 1
--- !u!4 &5740562833128728904
Transform:
  m_ObjectHideFlags: 0
  m_CorrespondingSourceObject: {fileID: 0}
  m_PrefabInstance: {fileID: 0}
  m_PrefabAsset: {fileID: 0}
  m_GameObject: {fileID: 5740562833128728905}
  m_LocalRotation: {x: -0.10688563, y: -0.04092222, z: 0.3552002, w: 0.9277573}
  m_LocalPosition: {x: -4.200001, y: -3.2100003, z: -5.8900013}
  m_LocalScale: {x: 1, y: 1.2000003, z: 1}
  m_Children: []
  m_Father: {fileID: 5740562833394232413}
  m_RootOrder: 1
  m_LocalEulerAnglesHint: {x: -9.745001, y: -8.864, z: 42.657}
--- !u!33 &5740562833128728908
MeshFilter:
  m_ObjectHideFlags: 0
  m_CorrespondingSourceObject: {fileID: 0}
  m_PrefabInstance: {fileID: 0}
  m_PrefabAsset: {fileID: 0}
  m_GameObject: {fileID: 5740562833128728905}
  m_Mesh: {fileID: 4300000, guid: 6a31f69d1ca794043965cc45044510e4, type: 2}
--- !u!23 &5740562833128728909
MeshRenderer:
  m_ObjectHideFlags: 0
  m_CorrespondingSourceObject: {fileID: 0}
  m_PrefabInstance: {fileID: 0}
  m_PrefabAsset: {fileID: 0}
  m_GameObject: {fileID: 5740562833128728905}
  m_Enabled: 1
  m_CastShadows: 1
  m_ReceiveShadows: 1
  m_DynamicOccludee: 1
  m_MotionVectors: 1
  m_LightProbeUsage: 1
  m_ReflectionProbeUsage: 1
  m_RayTracingMode: 2
  m_RenderingLayerMask: 1
  m_RendererPriority: 0
  m_Materials:
  - {fileID: 2100000, guid: fa902f913a9a545599ff55f251a3d819, type: 2}
  m_StaticBatchInfo:
    firstSubMesh: 0
    subMeshCount: 0
  m_StaticBatchRoot: {fileID: 0}
  m_ProbeAnchor: {fileID: 0}
  m_LightProbeVolumeOverride: {fileID: 0}
  m_ScaleInLightmap: 1
  m_ReceiveGI: 1
  m_PreserveUVs: 0
  m_IgnoreNormalsForChartDetection: 0
  m_ImportantGI: 0
  m_StitchLightmapSeams: 0
  m_SelectedEditorRenderState: 2
  m_MinimumChartSize: 4
  m_AutoUVMaxDistance: 0.5
  m_AutoUVMaxAngle: 89
  m_LightmapParameters: {fileID: 0}
  m_SortingLayerID: 0
  m_SortingLayer: 0
  m_SortingOrder: 0
--- !u!64 &5740562833128728911
MeshCollider:
  m_ObjectHideFlags: 0
  m_CorrespondingSourceObject: {fileID: 0}
  m_PrefabInstance: {fileID: 0}
  m_PrefabAsset: {fileID: 0}
  m_GameObject: {fileID: 5740562833128728905}
  m_Material: {fileID: 0}
  m_IsTrigger: 0
  m_Enabled: 1
  serializedVersion: 4
  m_Convex: 0
  m_CookingOptions: 30
  m_Mesh: {fileID: 4300000, guid: 6a31f69d1ca794043965cc45044510e4, type: 2}
--- !u!1 &5740562833170042058
GameObject:
  m_ObjectHideFlags: 0
  m_CorrespondingSourceObject: {fileID: 0}
  m_PrefabInstance: {fileID: 0}
  m_PrefabAsset: {fileID: 0}
  serializedVersion: 6
  m_Component:
  - component: {fileID: 5740562833170042057}
  - component: {fileID: 5740562833170042061}
  - component: {fileID: 5740562833170042062}
  - component: {fileID: 5740562833170042056}
  m_Layer: 11
  m_Name: Window 2
  m_TagString: Untagged
  m_Icon: {fileID: 0}
  m_NavMeshLayer: 0
  m_StaticEditorFlags: 4294967295
  m_IsActive: 1
--- !u!4 &5740562833170042057
Transform:
  m_ObjectHideFlags: 0
  m_CorrespondingSourceObject: {fileID: 0}
  m_PrefabInstance: {fileID: 0}
  m_PrefabAsset: {fileID: 0}
  m_GameObject: {fileID: 5740562833170042058}
  m_LocalRotation: {x: -0, y: 1, z: -0, w: 0}
  m_LocalPosition: {x: 2.9700005, y: 7.480001, z: -5.510468}
  m_LocalScale: {x: 1, y: 1, z: 1}
  m_Children: []
  m_Father: {fileID: 5740562832159725486}
  m_RootOrder: 1
  m_LocalEulerAnglesHint: {x: 0, y: 180, z: 0}
--- !u!33 &5740562833170042061
MeshFilter:
  m_ObjectHideFlags: 0
  m_CorrespondingSourceObject: {fileID: 0}
  m_PrefabInstance: {fileID: 0}
  m_PrefabAsset: {fileID: 0}
  m_GameObject: {fileID: 5740562833170042058}
  m_Mesh: {fileID: 4300000, guid: c1fefd5b8260e5e4dbeb8a8df71060b6, type: 2}
--- !u!23 &5740562833170042062
MeshRenderer:
  m_ObjectHideFlags: 0
  m_CorrespondingSourceObject: {fileID: 0}
  m_PrefabInstance: {fileID: 0}
  m_PrefabAsset: {fileID: 0}
  m_GameObject: {fileID: 5740562833170042058}
  m_Enabled: 1
  m_CastShadows: 1
  m_ReceiveShadows: 1
  m_DynamicOccludee: 1
  m_MotionVectors: 1
  m_LightProbeUsage: 1
  m_ReflectionProbeUsage: 1
  m_RayTracingMode: 2
  m_RenderingLayerMask: 1
  m_RendererPriority: 0
  m_Materials:
  - {fileID: 2100000, guid: e29c65935eb274c2899f7c48f5eaa725, type: 2}
  - {fileID: 2100000, guid: 1a32f4f991b7c40cda8c74d5a2b1a611, type: 2}
  - {fileID: 2100000, guid: 784a0665f7a2a417eb49b66df058c744, type: 2}
  - {fileID: 2100000, guid: 772ec03aec3f549f5b9d2e2eb7519e95, type: 2}
  - {fileID: 2100000, guid: aaba80f2e85f54020a11a6a8d5a2bd39, type: 2}
  m_StaticBatchInfo:
    firstSubMesh: 0
    subMeshCount: 0
  m_StaticBatchRoot: {fileID: 0}
  m_ProbeAnchor: {fileID: 0}
  m_LightProbeVolumeOverride: {fileID: 0}
  m_ScaleInLightmap: 1
  m_ReceiveGI: 1
  m_PreserveUVs: 0
  m_IgnoreNormalsForChartDetection: 0
  m_ImportantGI: 0
  m_StitchLightmapSeams: 0
  m_SelectedEditorRenderState: 2
  m_MinimumChartSize: 4
  m_AutoUVMaxDistance: 0.5
  m_AutoUVMaxAngle: 89
  m_LightmapParameters: {fileID: 0}
  m_SortingLayerID: 0
  m_SortingLayer: 0
  m_SortingOrder: 0
--- !u!64 &5740562833170042056
MeshCollider:
  m_ObjectHideFlags: 0
  m_CorrespondingSourceObject: {fileID: 0}
  m_PrefabInstance: {fileID: 0}
  m_PrefabAsset: {fileID: 0}
  m_GameObject: {fileID: 5740562833170042058}
  m_Material: {fileID: 0}
  m_IsTrigger: 0
  m_Enabled: 1
  serializedVersion: 4
  m_Convex: 0
  m_CookingOptions: 30
  m_Mesh: {fileID: 4300000, guid: c1fefd5b8260e5e4dbeb8a8df71060b6, type: 2}
--- !u!1 &5740562833342038466
GameObject:
  m_ObjectHideFlags: 0
  m_CorrespondingSourceObject: {fileID: 0}
  m_PrefabInstance: {fileID: 0}
  m_PrefabAsset: {fileID: 0}
  serializedVersion: 6
  m_Component:
  - component: {fileID: 5740562833342038465}
  - component: {fileID: 5740562833342038469}
  - component: {fileID: 5740562833342038470}
  - component: {fileID: 5740562833342038464}
  m_Layer: 11
  m_Name: Column 2
  m_TagString: Untagged
  m_Icon: {fileID: 0}
  m_NavMeshLayer: 0
  m_StaticEditorFlags: 4294967295
  m_IsActive: 1
--- !u!4 &5740562833342038465
Transform:
  m_ObjectHideFlags: 0
  m_CorrespondingSourceObject: {fileID: 0}
  m_PrefabInstance: {fileID: 0}
  m_PrefabAsset: {fileID: 0}
  m_GameObject: {fileID: 5740562833342038466}
  m_LocalRotation: {x: -0, y: -0, z: -0, w: 1}
  m_LocalPosition: {x: 0, y: 0, z: 13.849991}
  m_LocalScale: {x: 1, y: 1, z: -1}
  m_Children: []
  m_Father: {fileID: 5740562831633035234}
  m_RootOrder: 0
  m_LocalEulerAnglesHint: {x: 0, y: 0, z: 0}
--- !u!33 &5740562833342038469
MeshFilter:
  m_ObjectHideFlags: 0
  m_CorrespondingSourceObject: {fileID: 0}
  m_PrefabInstance: {fileID: 0}
  m_PrefabAsset: {fileID: 0}
  m_GameObject: {fileID: 5740562833342038466}
  m_Mesh: {fileID: 4300000, guid: 254ea30de3652cc4e93d905f06540ccf, type: 2}
--- !u!23 &5740562833342038470
MeshRenderer:
  m_ObjectHideFlags: 0
  m_CorrespondingSourceObject: {fileID: 0}
  m_PrefabInstance: {fileID: 0}
  m_PrefabAsset: {fileID: 0}
  m_GameObject: {fileID: 5740562833342038466}
  m_Enabled: 1
  m_CastShadows: 1
  m_ReceiveShadows: 1
  m_DynamicOccludee: 1
  m_MotionVectors: 1
  m_LightProbeUsage: 1
  m_ReflectionProbeUsage: 1
  m_RayTracingMode: 2
  m_RenderingLayerMask: 1
  m_RendererPriority: 0
  m_Materials:
  - {fileID: 2100000, guid: 1a32f4f991b7c40cda8c74d5a2b1a611, type: 2}
  - {fileID: 2100000, guid: aaba80f2e85f54020a11a6a8d5a2bd39, type: 2}
  m_StaticBatchInfo:
    firstSubMesh: 0
    subMeshCount: 0
  m_StaticBatchRoot: {fileID: 0}
  m_ProbeAnchor: {fileID: 0}
  m_LightProbeVolumeOverride: {fileID: 0}
  m_ScaleInLightmap: 1
  m_ReceiveGI: 1
  m_PreserveUVs: 0
  m_IgnoreNormalsForChartDetection: 0
  m_ImportantGI: 0
  m_StitchLightmapSeams: 0
  m_SelectedEditorRenderState: 2
  m_MinimumChartSize: 4
  m_AutoUVMaxDistance: 0.5
  m_AutoUVMaxAngle: 89
  m_LightmapParameters: {fileID: 0}
  m_SortingLayerID: 0
  m_SortingLayer: 0
  m_SortingOrder: 0
--- !u!64 &5740562833342038464
MeshCollider:
  m_ObjectHideFlags: 0
  m_CorrespondingSourceObject: {fileID: 0}
  m_PrefabInstance: {fileID: 0}
  m_PrefabAsset: {fileID: 0}
  m_GameObject: {fileID: 5740562833342038466}
  m_Material: {fileID: 0}
  m_IsTrigger: 0
  m_Enabled: 1
  serializedVersion: 4
  m_Convex: 0
  m_CookingOptions: 30
  m_Mesh: {fileID: 4300000, guid: 254ea30de3652cc4e93d905f06540ccf, type: 2}
--- !u!1 &5740562833360886846
GameObject:
  m_ObjectHideFlags: 0
  m_CorrespondingSourceObject: {fileID: 0}
  m_PrefabInstance: {fileID: 0}
  m_PrefabAsset: {fileID: 0}
  serializedVersion: 6
  m_Component:
  - component: {fileID: 5740562833360886845}
  - component: {fileID: 5740562833360886833}
  - component: {fileID: 5740562833360886834}
  - component: {fileID: 5740562833360886844}
  - component: {fileID: 5740562833360886832}
  - component: {fileID: 5740562833360886838}
  m_Layer: 11
  m_Name: Inn House
  m_TagString: Untagged
  m_Icon: {fileID: 0}
  m_NavMeshLayer: 0
  m_StaticEditorFlags: 4294967295
  m_IsActive: 1
--- !u!4 &5740562833360886845
Transform:
  m_ObjectHideFlags: 0
  m_CorrespondingSourceObject: {fileID: 0}
  m_PrefabInstance: {fileID: 0}
  m_PrefabAsset: {fileID: 0}
  m_GameObject: {fileID: 5740562833360886846}
  m_LocalRotation: {x: 0, y: 0.37932697, z: 0, w: 0.9252627}
  m_LocalPosition: {x: -12.767423, y: -18.186718, z: -54.720013}
  m_LocalScale: {x: 1.1, y: 1.1, z: 1.1}
  m_Children:
  - {fileID: 5740562831633035234}
  - {fileID: 3995835373837091991}
  - {fileID: 5740562833394232413}
  - {fileID: 5740562832159725486}
  - {fileID: 5740562832603315341}
  - {fileID: 1214785434476780222}
  m_Father: {fileID: 0}
  m_RootOrder: 0
  m_LocalEulerAnglesHint: {x: 0, y: 44.584003, z: 0}
--- !u!33 &5740562833360886833
MeshFilter:
  m_ObjectHideFlags: 0
  m_CorrespondingSourceObject: {fileID: 0}
  m_PrefabInstance: {fileID: 0}
  m_PrefabAsset: {fileID: 0}
  m_GameObject: {fileID: 5740562833360886846}
  m_Mesh: {fileID: 4300000, guid: eb55dc91505064040980ba44e88a56f8, type: 2}
--- !u!23 &5740562833360886834
MeshRenderer:
  m_ObjectHideFlags: 0
  m_CorrespondingSourceObject: {fileID: 0}
  m_PrefabInstance: {fileID: 0}
  m_PrefabAsset: {fileID: 0}
  m_GameObject: {fileID: 5740562833360886846}
  m_Enabled: 1
  m_CastShadows: 1
  m_ReceiveShadows: 1
  m_DynamicOccludee: 1
  m_MotionVectors: 1
  m_LightProbeUsage: 1
  m_ReflectionProbeUsage: 1
  m_RayTracingMode: 2
  m_RenderingLayerMask: 1
  m_RendererPriority: 0
  m_Materials:
  - {fileID: 2100000, guid: 1a32f4f991b7c40cda8c74d5a2b1a611, type: 2}
  - {fileID: 2100000, guid: e29c65935eb274c2899f7c48f5eaa725, type: 2}
  - {fileID: 2100000, guid: 772ec03aec3f549f5b9d2e2eb7519e95, type: 2}
  - {fileID: 2100000, guid: aaba80f2e85f54020a11a6a8d5a2bd39, type: 2}
  m_StaticBatchInfo:
    firstSubMesh: 0
    subMeshCount: 0
  m_StaticBatchRoot: {fileID: 0}
  m_ProbeAnchor: {fileID: 0}
  m_LightProbeVolumeOverride: {fileID: 0}
  m_ScaleInLightmap: 1
  m_ReceiveGI: 1
  m_PreserveUVs: 0
  m_IgnoreNormalsForChartDetection: 0
  m_ImportantGI: 0
  m_StitchLightmapSeams: 0
  m_SelectedEditorRenderState: 2
  m_MinimumChartSize: 4
  m_AutoUVMaxDistance: 0.5
  m_AutoUVMaxAngle: 89
  m_LightmapParameters: {fileID: 0}
  m_SortingLayerID: 0
  m_SortingLayer: 0
  m_SortingOrder: 0
--- !u!64 &5740562833360886844
MeshCollider:
  m_ObjectHideFlags: 0
  m_CorrespondingSourceObject: {fileID: 0}
  m_PrefabInstance: {fileID: 0}
  m_PrefabAsset: {fileID: 0}
  m_GameObject: {fileID: 5740562833360886846}
  m_Material: {fileID: 0}
  m_IsTrigger: 0
  m_Enabled: 1
  serializedVersion: 4
  m_Convex: 0
  m_CookingOptions: 30
  m_Mesh: {fileID: 4300000, guid: eb55dc91505064040980ba44e88a56f8, type: 2}
--- !u!114 &5740562833360886832
MonoBehaviour:
  m_ObjectHideFlags: 0
  m_CorrespondingSourceObject: {fileID: 0}
  m_PrefabInstance: {fileID: 0}
  m_PrefabAsset: {fileID: 0}
  m_GameObject: {fileID: 5740562833360886846}
  m_Enabled: 1
  m_EditorHideFlags: 0
  m_Script: {fileID: 11500000, guid: 35f1ab2b2a81e4e09819f69c74773fa8, type: 3}
  m_Name: 
  m_EditorClassIdentifier: 
--- !u!205 &5740562833360886838
LODGroup:
  m_ObjectHideFlags: 0
  m_CorrespondingSourceObject: {fileID: 0}
  m_PrefabInstance: {fileID: 0}
  m_PrefabAsset: {fileID: 0}
  m_GameObject: {fileID: 5740562833360886846}
  serializedVersion: 2
  m_LocalReferencePoint: {x: -3.7624931, y: 3.6910007, z: -0.48864746}
  m_Size: 17.629541
  m_FadeMode: 1
  m_AnimateCrossFading: 1
  m_LastLODIsBillboard: 0
  m_LODs:
  - screenRelativeHeight: 0.16427645
    fadeTransitionWidth: 0
    renderers:
    - renderer: {fileID: 5740562833360886834}
    - renderer: {fileID: 5740562831633035239}
    - renderer: {fileID: 5740562833342038470}
    - renderer: {fileID: 0}
    - renderer: {fileID: 5740562833128728909}
    - renderer: {fileID: 5740562832595053631}
    - renderer: {fileID: 5740562832322231533}
    - renderer: {fileID: 5740562833170042062}
    - renderer: {fileID: 3995835373837091978}
    - renderer: {fileID: 6121789890301199364}
    - renderer: {fileID: 8813428860595775241}
    - renderer: {fileID: 6121789888904474789}
    - renderer: {fileID: 8813428859735970728}
    - renderer: {fileID: 6121789889313068062}
    - renderer: {fileID: 8813428859607381779}
    - renderer: {fileID: 6121789888334572198}
    - renderer: {fileID: 8813428859166067115}
    - renderer: {fileID: 6121789888734764289}
    - renderer: {fileID: 8813428859029077516}
  - screenRelativeHeight: 0.09125697
    fadeTransitionWidth: 0
    renderers:
    - renderer: {fileID: 5740562832603315340}
  - screenRelativeHeight: 0.04931007
    fadeTransitionWidth: 0
    renderers:
    - renderer: {fileID: 5740562832603315340}
  m_Enabled: 1
--- !u!1 &5740562833394232414
GameObject:
  m_ObjectHideFlags: 0
  m_CorrespondingSourceObject: {fileID: 0}
  m_PrefabInstance: {fileID: 0}
  m_PrefabAsset: {fileID: 0}
  serializedVersion: 6
  m_Component:
  - component: {fileID: 5740562833394232413}
  m_Layer: 11
  m_Name: Feet
  m_TagString: Untagged
  m_Icon: {fileID: 0}
  m_NavMeshLayer: 0
  m_StaticEditorFlags: 4294967295
  m_IsActive: 1
--- !u!4 &5740562833394232413
Transform:
  m_ObjectHideFlags: 0
  m_CorrespondingSourceObject: {fileID: 0}
  m_PrefabInstance: {fileID: 0}
  m_PrefabAsset: {fileID: 0}
  m_GameObject: {fileID: 5740562833394232414}
  m_LocalRotation: {x: 0, y: 0, z: 0, w: 1}
  m_LocalPosition: {x: 0, y: 0, z: 0}
  m_LocalScale: {x: 1, y: 1, z: 1}
  m_Children:
  - {fileID: 5740562832033767297}
  - {fileID: 5740562833128728904}
  - {fileID: 5740562832595053626}
  m_Father: {fileID: 5740562833360886845}
  m_RootOrder: 2
  m_LocalEulerAnglesHint: {x: 0, y: 0, z: 0}
--- !u!1 &8900629074096304676
GameObject:
  m_ObjectHideFlags: 0
  m_CorrespondingSourceObject: {fileID: 0}
  m_PrefabInstance: {fileID: 0}
  m_PrefabAsset: {fileID: 0}
  serializedVersion: 6
  m_Component:
  - component: {fileID: 1214785434476780222}
  - component: {fileID: 5479923386531780094}
  m_Layer: 11
  m_Name: Occlusion Walls
  m_TagString: Untagged
  m_Icon: {fileID: 0}
  m_NavMeshLayer: 0
  m_StaticEditorFlags: 4294967295
  m_IsActive: 1
--- !u!4 &1214785434476780222
Transform:
  m_ObjectHideFlags: 0
  m_CorrespondingSourceObject: {fileID: 0}
  m_PrefabInstance: {fileID: 0}
  m_PrefabAsset: {fileID: 0}
  m_GameObject: {fileID: 8900629074096304676}
  m_LocalRotation: {x: 0, y: 0, z: 0, w: 1}
  m_LocalPosition: {x: -3.94, y: 3.83, z: -0.01}
  m_LocalScale: {x: 1, y: 1, z: 1}
  m_Children: []
  m_Father: {fileID: 5740562833360886845}
  m_RootOrder: 5
  m_LocalEulerAnglesHint: {x: 0, y: 0, z: 0}
--- !u!41 &5479923386531780094
OcclusionPortal:
  m_ObjectHideFlags: 0
  m_CorrespondingSourceObject: {fileID: 0}
  m_PrefabInstance: {fileID: 0}
  m_PrefabAsset: {fileID: 0}
  m_GameObject: {fileID: 8900629074096304676}
  m_Open: 0
  m_Center: {x: 0, y: 0, z: 0}
  m_Size: {x: 9, y: 8, z: 14}
--- !u!1001 &5740562831795045051
PrefabInstance:
  m_ObjectHideFlags: 0
  serializedVersion: 2
  m_Modification:
    m_TransformParent: {fileID: 5740562832159725486}
    m_Modifications:
    - target: {fileID: 1751795248, guid: 0891a21258e8e45ed9eb5db35a407417, type: 3}
      propertyPath: m_Enabled
      value: 0
      objectReference: {fileID: 0}
    - target: {fileID: 1972123651719370401, guid: 0891a21258e8e45ed9eb5db35a407417,
        type: 3}
      propertyPath: m_Name
      value: Castle Window 1
      objectReference: {fileID: 0}
    - target: {fileID: 1972123651719370404, guid: 0891a21258e8e45ed9eb5db35a407417,
        type: 3}
      propertyPath: m_Mesh
      value: 
      objectReference: {fileID: 0}
    - target: {fileID: 1972123651719370406, guid: 0891a21258e8e45ed9eb5db35a407417,
        type: 3}
      propertyPath: m_RootOrder
      value: 4
      objectReference: {fileID: 0}
    - target: {fileID: 1972123651719370406, guid: 0891a21258e8e45ed9eb5db35a407417,
        type: 3}
      propertyPath: m_LocalScale.x
      value: 0.8000002
      objectReference: {fileID: 0}
    - target: {fileID: 1972123651719370406, guid: 0891a21258e8e45ed9eb5db35a407417,
        type: 3}
      propertyPath: m_LocalScale.y
      value: 0.8000001
      objectReference: {fileID: 0}
    - target: {fileID: 1972123651719370406, guid: 0891a21258e8e45ed9eb5db35a407417,
        type: 3}
      propertyPath: m_LocalScale.z
      value: 0.8000002
      objectReference: {fileID: 0}
    - target: {fileID: 1972123651719370406, guid: 0891a21258e8e45ed9eb5db35a407417,
        type: 3}
      propertyPath: m_LocalPosition.x
      value: -1.1600004
      objectReference: {fileID: 0}
    - target: {fileID: 1972123651719370406, guid: 0891a21258e8e45ed9eb5db35a407417,
        type: 3}
      propertyPath: m_LocalPosition.y
      value: 2.4600012
      objectReference: {fileID: 0}
    - target: {fileID: 1972123651719370406, guid: 0891a21258e8e45ed9eb5db35a407417,
        type: 3}
      propertyPath: m_LocalPosition.z
      value: 6.920001
      objectReference: {fileID: 0}
    - target: {fileID: 1972123651719370406, guid: 0891a21258e8e45ed9eb5db35a407417,
        type: 3}
      propertyPath: m_LocalRotation.w
      value: 0.7071068
      objectReference: {fileID: 0}
    - target: {fileID: 1972123651719370406, guid: 0891a21258e8e45ed9eb5db35a407417,
        type: 3}
      propertyPath: m_LocalRotation.x
      value: -0
      objectReference: {fileID: 0}
    - target: {fileID: 1972123651719370406, guid: 0891a21258e8e45ed9eb5db35a407417,
        type: 3}
      propertyPath: m_LocalRotation.y
      value: -0.70710677
      objectReference: {fileID: 0}
    - target: {fileID: 1972123651719370406, guid: 0891a21258e8e45ed9eb5db35a407417,
        type: 3}
      propertyPath: m_LocalRotation.z
      value: -0
      objectReference: {fileID: 0}
    - target: {fileID: 1972123651719370406, guid: 0891a21258e8e45ed9eb5db35a407417,
        type: 3}
      propertyPath: m_LocalEulerAnglesHint.x
      value: 0
      objectReference: {fileID: 0}
    - target: {fileID: 1972123651719370406, guid: 0891a21258e8e45ed9eb5db35a407417,
        type: 3}
      propertyPath: m_LocalEulerAnglesHint.y
      value: 0
      objectReference: {fileID: 0}
    - target: {fileID: 1972123651719370406, guid: 0891a21258e8e45ed9eb5db35a407417,
        type: 3}
      propertyPath: m_LocalEulerAnglesHint.z
      value: 0
      objectReference: {fileID: 0}
    - target: {fileID: 8011975460267208989, guid: 0891a21258e8e45ed9eb5db35a407417,
        type: 3}
      propertyPath: m_IsActive
      value: 0
      objectReference: {fileID: 0}
    m_RemovedComponents: []
  m_SourcePrefab: {fileID: 100100000, guid: 0891a21258e8e45ed9eb5db35a407417, type: 3}
--- !u!4 &6121789889313068061 stripped
Transform:
  m_CorrespondingSourceObject: {fileID: 1972123651719370406, guid: 0891a21258e8e45ed9eb5db35a407417,
    type: 3}
  m_PrefabInstance: {fileID: 5740562831795045051}
  m_PrefabAsset: {fileID: 0}
--- !u!23 &6121789889313068062 stripped
MeshRenderer:
  m_CorrespondingSourceObject: {fileID: 1972123651719370405, guid: 0891a21258e8e45ed9eb5db35a407417,
    type: 3}
  m_PrefabInstance: {fileID: 5740562831795045051}
  m_PrefabAsset: {fileID: 0}
--- !u!23 &8813428859607381779 stripped
MeshRenderer:
  m_CorrespondingSourceObject: {fileID: 3883516443293562280, guid: 0891a21258e8e45ed9eb5db35a407417,
    type: 3}
  m_PrefabInstance: {fileID: 5740562831795045051}
  m_PrefabAsset: {fileID: 0}
--- !u!1001 &5740562831868929536
PrefabInstance:
  m_ObjectHideFlags: 0
  serializedVersion: 2
  m_Modification:
    m_TransformParent: {fileID: 5740562832159725486}
    m_Modifications:
    - target: {fileID: 1751795248, guid: 0891a21258e8e45ed9eb5db35a407417, type: 3}
      propertyPath: m_Enabled
      value: 0
      objectReference: {fileID: 0}
    - target: {fileID: 1972123651719370401, guid: 0891a21258e8e45ed9eb5db35a407417,
        type: 3}
      propertyPath: m_Name
      value: Castle Window 1
      objectReference: {fileID: 0}
    - target: {fileID: 1972123651719370404, guid: 0891a21258e8e45ed9eb5db35a407417,
        type: 3}
      propertyPath: m_Mesh
      value: 
      objectReference: {fileID: 0}
    - target: {fileID: 1972123651719370406, guid: 0891a21258e8e45ed9eb5db35a407417,
        type: 3}
      propertyPath: m_RootOrder
      value: 3
      objectReference: {fileID: 0}
    - target: {fileID: 1972123651719370406, guid: 0891a21258e8e45ed9eb5db35a407417,
        type: 3}
      propertyPath: m_LocalScale.x
      value: 0.80000013
      objectReference: {fileID: 0}
    - target: {fileID: 1972123651719370406, guid: 0891a21258e8e45ed9eb5db35a407417,
        type: 3}
      propertyPath: m_LocalScale.y
      value: 0.8000001
      objectReference: {fileID: 0}
    - target: {fileID: 1972123651719370406, guid: 0891a21258e8e45ed9eb5db35a407417,
        type: 3}
      propertyPath: m_LocalScale.z
      value: 0.80000013
      objectReference: {fileID: 0}
    - target: {fileID: 1972123651719370406, guid: 0891a21258e8e45ed9eb5db35a407417,
        type: 3}
      propertyPath: m_LocalPosition.x
      value: -7.6600018
      objectReference: {fileID: 0}
    - target: {fileID: 1972123651719370406, guid: 0891a21258e8e45ed9eb5db35a407417,
        type: 3}
      propertyPath: m_LocalPosition.y
      value: 2.4600012
      objectReference: {fileID: 0}
    - target: {fileID: 1972123651719370406, guid: 0891a21258e8e45ed9eb5db35a407417,
        type: 3}
      propertyPath: m_LocalPosition.z
      value: -7.820001
      objectReference: {fileID: 0}
    - target: {fileID: 1972123651719370406, guid: 0891a21258e8e45ed9eb5db35a407417,
        type: 3}
      propertyPath: m_LocalRotation.w
      value: 0.70710677
      objectReference: {fileID: 0}
    - target: {fileID: 1972123651719370406, guid: 0891a21258e8e45ed9eb5db35a407417,
        type: 3}
      propertyPath: m_LocalRotation.x
      value: -0
      objectReference: {fileID: 0}
    - target: {fileID: 1972123651719370406, guid: 0891a21258e8e45ed9eb5db35a407417,
        type: 3}
      propertyPath: m_LocalRotation.y
      value: 0.7071068
      objectReference: {fileID: 0}
    - target: {fileID: 1972123651719370406, guid: 0891a21258e8e45ed9eb5db35a407417,
        type: 3}
      propertyPath: m_LocalRotation.z
      value: -0
      objectReference: {fileID: 0}
    - target: {fileID: 1972123651719370406, guid: 0891a21258e8e45ed9eb5db35a407417,
        type: 3}
      propertyPath: m_LocalEulerAnglesHint.x
      value: 0
      objectReference: {fileID: 0}
    - target: {fileID: 1972123651719370406, guid: 0891a21258e8e45ed9eb5db35a407417,
        type: 3}
      propertyPath: m_LocalEulerAnglesHint.y
      value: 0
      objectReference: {fileID: 0}
    - target: {fileID: 1972123651719370406, guid: 0891a21258e8e45ed9eb5db35a407417,
        type: 3}
      propertyPath: m_LocalEulerAnglesHint.z
      value: 0
      objectReference: {fileID: 0}
    - target: {fileID: 8011975460267208989, guid: 0891a21258e8e45ed9eb5db35a407417,
        type: 3}
      propertyPath: m_IsActive
      value: 0
      objectReference: {fileID: 0}
    m_RemovedComponents: []
  m_SourcePrefab: {fileID: 100100000, guid: 0891a21258e8e45ed9eb5db35a407417, type: 3}
--- !u!4 &6121789888904474790 stripped
Transform:
  m_CorrespondingSourceObject: {fileID: 1972123651719370406, guid: 0891a21258e8e45ed9eb5db35a407417,
    type: 3}
  m_PrefabInstance: {fileID: 5740562831868929536}
  m_PrefabAsset: {fileID: 0}
--- !u!23 &6121789888904474789 stripped
MeshRenderer:
  m_CorrespondingSourceObject: {fileID: 1972123651719370405, guid: 0891a21258e8e45ed9eb5db35a407417,
    type: 3}
  m_PrefabInstance: {fileID: 5740562831868929536}
  m_PrefabAsset: {fileID: 0}
--- !u!23 &8813428859735970728 stripped
MeshRenderer:
  m_CorrespondingSourceObject: {fileID: 3883516443293562280, guid: 0891a21258e8e45ed9eb5db35a407417,
    type: 3}
  m_PrefabInstance: {fileID: 5740562831868929536}
  m_PrefabAsset: {fileID: 0}
--- !u!1001 &5740562832240151460
PrefabInstance:
  m_ObjectHideFlags: 0
  serializedVersion: 2
  m_Modification:
    m_TransformParent: {fileID: 5740562832159725486}
    m_Modifications:
    - target: {fileID: 1751795248, guid: 0891a21258e8e45ed9eb5db35a407417, type: 3}
      propertyPath: m_Enabled
      value: 0
      objectReference: {fileID: 0}
    - target: {fileID: 1972123651719370401, guid: 0891a21258e8e45ed9eb5db35a407417,
        type: 3}
      propertyPath: m_Name
      value: Castle Window 1
      objectReference: {fileID: 0}
    - target: {fileID: 1972123651719370404, guid: 0891a21258e8e45ed9eb5db35a407417,
        type: 3}
      propertyPath: m_Mesh
      value: 
      objectReference: {fileID: 0}
    - target: {fileID: 1972123651719370406, guid: 0891a21258e8e45ed9eb5db35a407417,
        type: 3}
      propertyPath: m_RootOrder
      value: 6
      objectReference: {fileID: 0}
    - target: {fileID: 1972123651719370406, guid: 0891a21258e8e45ed9eb5db35a407417,
        type: 3}
      propertyPath: m_LocalScale.x
      value: 0.8
      objectReference: {fileID: 0}
    - target: {fileID: 1972123651719370406, guid: 0891a21258e8e45ed9eb5db35a407417,
        type: 3}
      propertyPath: m_LocalScale.y
      value: 0.8000001
      objectReference: {fileID: 0}
    - target: {fileID: 1972123651719370406, guid: 0891a21258e8e45ed9eb5db35a407417,
        type: 3}
      propertyPath: m_LocalScale.z
      value: 0.8
      objectReference: {fileID: 0}
    - target: {fileID: 1972123651719370406, guid: 0891a21258e8e45ed9eb5db35a407417,
        type: 3}
      propertyPath: m_LocalPosition.x
      value: -9.860001
      objectReference: {fileID: 0}
    - target: {fileID: 1972123651719370406, guid: 0891a21258e8e45ed9eb5db35a407417,
        type: 3}
      propertyPath: m_LocalPosition.y
      value: 2.4600012
      objectReference: {fileID: 0}
    - target: {fileID: 1972123651719370406, guid: 0891a21258e8e45ed9eb5db35a407417,
        type: 3}
      propertyPath: m_LocalPosition.z
      value: -0.15999903
      objectReference: {fileID: 0}
    - target: {fileID: 1972123651719370406, guid: 0891a21258e8e45ed9eb5db35a407417,
        type: 3}
      propertyPath: m_LocalRotation.w
      value: 0
      objectReference: {fileID: 0}
    - target: {fileID: 1972123651719370406, guid: 0891a21258e8e45ed9eb5db35a407417,
        type: 3}
      propertyPath: m_LocalRotation.x
      value: -0
      objectReference: {fileID: 0}
    - target: {fileID: 1972123651719370406, guid: 0891a21258e8e45ed9eb5db35a407417,
        type: 3}
      propertyPath: m_LocalRotation.y
      value: 1
      objectReference: {fileID: 0}
    - target: {fileID: 1972123651719370406, guid: 0891a21258e8e45ed9eb5db35a407417,
        type: 3}
      propertyPath: m_LocalRotation.z
      value: -0
      objectReference: {fileID: 0}
    - target: {fileID: 1972123651719370406, guid: 0891a21258e8e45ed9eb5db35a407417,
        type: 3}
      propertyPath: m_LocalEulerAnglesHint.x
      value: 0
      objectReference: {fileID: 0}
    - target: {fileID: 1972123651719370406, guid: 0891a21258e8e45ed9eb5db35a407417,
        type: 3}
      propertyPath: m_LocalEulerAnglesHint.y
      value: 0
      objectReference: {fileID: 0}
    - target: {fileID: 1972123651719370406, guid: 0891a21258e8e45ed9eb5db35a407417,
        type: 3}
      propertyPath: m_LocalEulerAnglesHint.z
      value: 0
      objectReference: {fileID: 0}
    - target: {fileID: 8011975460267208989, guid: 0891a21258e8e45ed9eb5db35a407417,
        type: 3}
      propertyPath: m_IsActive
      value: 0
      objectReference: {fileID: 0}
    m_RemovedComponents: []
  m_SourcePrefab: {fileID: 100100000, guid: 0891a21258e8e45ed9eb5db35a407417, type: 3}
--- !u!23 &8813428859029077516 stripped
MeshRenderer:
  m_CorrespondingSourceObject: {fileID: 3883516443293562280, guid: 0891a21258e8e45ed9eb5db35a407417,
    type: 3}
  m_PrefabInstance: {fileID: 5740562832240151460}
  m_PrefabAsset: {fileID: 0}
--- !u!23 &6121789888734764289 stripped
MeshRenderer:
  m_CorrespondingSourceObject: {fileID: 1972123651719370405, guid: 0891a21258e8e45ed9eb5db35a407417,
    type: 3}
  m_PrefabInstance: {fileID: 5740562832240151460}
  m_PrefabAsset: {fileID: 0}
--- !u!4 &6121789888734764290 stripped
Transform:
  m_CorrespondingSourceObject: {fileID: 1972123651719370406, guid: 0891a21258e8e45ed9eb5db35a407417,
    type: 3}
  m_PrefabInstance: {fileID: 5740562832240151460}
  m_PrefabAsset: {fileID: 0}
--- !u!1001 &5740562832368581635
PrefabInstance:
  m_ObjectHideFlags: 0
  serializedVersion: 2
  m_Modification:
    m_TransformParent: {fileID: 5740562832159725486}
    m_Modifications:
    - target: {fileID: 1751795248, guid: 0891a21258e8e45ed9eb5db35a407417, type: 3}
      propertyPath: m_Enabled
      value: 0
      objectReference: {fileID: 0}
    - target: {fileID: 1972123651719370401, guid: 0891a21258e8e45ed9eb5db35a407417,
        type: 3}
      propertyPath: m_Name
      value: Castle Window 1
      objectReference: {fileID: 0}
    - target: {fileID: 1972123651719370404, guid: 0891a21258e8e45ed9eb5db35a407417,
        type: 3}
      propertyPath: m_Mesh
      value: 
      objectReference: {fileID: 0}
    - target: {fileID: 1972123651719370406, guid: 0891a21258e8e45ed9eb5db35a407417,
        type: 3}
      propertyPath: m_RootOrder
      value: 5
      objectReference: {fileID: 0}
    - target: {fileID: 1972123651719370406, guid: 0891a21258e8e45ed9eb5db35a407417,
        type: 3}
      propertyPath: m_LocalScale.x
      value: 0.8000002
      objectReference: {fileID: 0}
    - target: {fileID: 1972123651719370406, guid: 0891a21258e8e45ed9eb5db35a407417,
        type: 3}
      propertyPath: m_LocalScale.y
      value: 0.8000001
      objectReference: {fileID: 0}
    - target: {fileID: 1972123651719370406, guid: 0891a21258e8e45ed9eb5db35a407417,
        type: 3}
      propertyPath: m_LocalScale.z
      value: 0.8000002
      objectReference: {fileID: 0}
    - target: {fileID: 1972123651719370406, guid: 0891a21258e8e45ed9eb5db35a407417,
        type: 3}
      propertyPath: m_LocalPosition.x
      value: -6.880001
      objectReference: {fileID: 0}
    - target: {fileID: 1972123651719370406, guid: 0891a21258e8e45ed9eb5db35a407417,
        type: 3}
      propertyPath: m_LocalPosition.y
      value: 2.4600012
      objectReference: {fileID: 0}
    - target: {fileID: 1972123651719370406, guid: 0891a21258e8e45ed9eb5db35a407417,
        type: 3}
      propertyPath: m_LocalPosition.z
      value: 6.9200025
      objectReference: {fileID: 0}
    - target: {fileID: 1972123651719370406, guid: 0891a21258e8e45ed9eb5db35a407417,
        type: 3}
      propertyPath: m_LocalRotation.w
      value: 0.7071068
      objectReference: {fileID: 0}
    - target: {fileID: 1972123651719370406, guid: 0891a21258e8e45ed9eb5db35a407417,
        type: 3}
      propertyPath: m_LocalRotation.x
      value: -0
      objectReference: {fileID: 0}
    - target: {fileID: 1972123651719370406, guid: 0891a21258e8e45ed9eb5db35a407417,
        type: 3}
      propertyPath: m_LocalRotation.y
      value: -0.70710677
      objectReference: {fileID: 0}
    - target: {fileID: 1972123651719370406, guid: 0891a21258e8e45ed9eb5db35a407417,
        type: 3}
      propertyPath: m_LocalRotation.z
      value: -0
      objectReference: {fileID: 0}
    - target: {fileID: 1972123651719370406, guid: 0891a21258e8e45ed9eb5db35a407417,
        type: 3}
      propertyPath: m_LocalEulerAnglesHint.x
      value: 0
      objectReference: {fileID: 0}
    - target: {fileID: 1972123651719370406, guid: 0891a21258e8e45ed9eb5db35a407417,
        type: 3}
      propertyPath: m_LocalEulerAnglesHint.y
      value: 0
      objectReference: {fileID: 0}
    - target: {fileID: 1972123651719370406, guid: 0891a21258e8e45ed9eb5db35a407417,
        type: 3}
      propertyPath: m_LocalEulerAnglesHint.z
      value: 0
      objectReference: {fileID: 0}
    - target: {fileID: 8011975460267208989, guid: 0891a21258e8e45ed9eb5db35a407417,
        type: 3}
      propertyPath: m_IsActive
      value: 0
      objectReference: {fileID: 0}
    m_RemovedComponents: []
  m_SourcePrefab: {fileID: 100100000, guid: 0891a21258e8e45ed9eb5db35a407417, type: 3}
--- !u!23 &8813428859166067115 stripped
MeshRenderer:
  m_CorrespondingSourceObject: {fileID: 3883516443293562280, guid: 0891a21258e8e45ed9eb5db35a407417,
    type: 3}
  m_PrefabInstance: {fileID: 5740562832368581635}
  m_PrefabAsset: {fileID: 0}
--- !u!23 &6121789888334572198 stripped
MeshRenderer:
  m_CorrespondingSourceObject: {fileID: 1972123651719370405, guid: 0891a21258e8e45ed9eb5db35a407417,
    type: 3}
  m_PrefabInstance: {fileID: 5740562832368581635}
  m_PrefabAsset: {fileID: 0}
--- !u!4 &6121789888334572197 stripped
Transform:
  m_CorrespondingSourceObject: {fileID: 1972123651719370406, guid: 0891a21258e8e45ed9eb5db35a407417,
    type: 3}
  m_PrefabInstance: {fileID: 5740562832368581635}
  m_PrefabAsset: {fileID: 0}
--- !u!1001 &5740562832681701579
PrefabInstance:
  m_ObjectHideFlags: 0
  serializedVersion: 2
  m_Modification:
    m_TransformParent: {fileID: 5740562833360886845}
    m_Modifications:
    - target: {fileID: 8709570670919259202, guid: b8484130aa21c45b8881ec793020ea90,
        type: 3}
      propertyPath: m_Mesh
      value: 
      objectReference: {fileID: 0}
    - target: {fileID: 8709570670919259228, guid: b8484130aa21c45b8881ec793020ea90,
        type: 3}
      propertyPath: m_RootOrder
      value: 1
      objectReference: {fileID: 0}
    - target: {fileID: 8709570670919259228, guid: b8484130aa21c45b8881ec793020ea90,
        type: 3}
      propertyPath: m_LocalScale.x
      value: 0.75000006
      objectReference: {fileID: 0}
    - target: {fileID: 8709570670919259228, guid: b8484130aa21c45b8881ec793020ea90,
        type: 3}
      propertyPath: m_LocalScale.y
      value: 0.75000006
      objectReference: {fileID: 0}
    - target: {fileID: 8709570670919259228, guid: b8484130aa21c45b8881ec793020ea90,
        type: 3}
      propertyPath: m_LocalScale.z
      value: 0.75000006
      objectReference: {fileID: 0}
    - target: {fileID: 8709570670919259228, guid: b8484130aa21c45b8881ec793020ea90,
        type: 3}
      propertyPath: m_LocalPosition.x
      value: 0.559999
      objectReference: {fileID: 0}
    - target: {fileID: 8709570670919259228, guid: b8484130aa21c45b8881ec793020ea90,
        type: 3}
      propertyPath: m_LocalPosition.y
      value: -0.31999937
      objectReference: {fileID: 0}
    - target: {fileID: 8709570670919259228, guid: b8484130aa21c45b8881ec793020ea90,
        type: 3}
      propertyPath: m_LocalPosition.z
      value: -0.8499991
      objectReference: {fileID: 0}
    - target: {fileID: 8709570670919259228, guid: b8484130aa21c45b8881ec793020ea90,
        type: 3}
      propertyPath: m_LocalRotation.w
      value: 1
      objectReference: {fileID: 0}
    - target: {fileID: 8709570670919259228, guid: b8484130aa21c45b8881ec793020ea90,
        type: 3}
      propertyPath: m_LocalRotation.x
      value: -0
      objectReference: {fileID: 0}
    - target: {fileID: 8709570670919259228, guid: b8484130aa21c45b8881ec793020ea90,
        type: 3}
      propertyPath: m_LocalRotation.y
      value: -0
      objectReference: {fileID: 0}
    - target: {fileID: 8709570670919259228, guid: b8484130aa21c45b8881ec793020ea90,
        type: 3}
      propertyPath: m_LocalRotation.z
      value: -0
      objectReference: {fileID: 0}
    - target: {fileID: 8709570670919259228, guid: b8484130aa21c45b8881ec793020ea90,
        type: 3}
      propertyPath: m_LocalEulerAnglesHint.x
      value: 0
      objectReference: {fileID: 0}
    - target: {fileID: 8709570670919259228, guid: b8484130aa21c45b8881ec793020ea90,
        type: 3}
      propertyPath: m_LocalEulerAnglesHint.y
      value: 0
      objectReference: {fileID: 0}
    - target: {fileID: 8709570670919259228, guid: b8484130aa21c45b8881ec793020ea90,
        type: 3}
      propertyPath: m_LocalEulerAnglesHint.z
      value: 0
      objectReference: {fileID: 0}
    - target: {fileID: 8709570670919259229, guid: b8484130aa21c45b8881ec793020ea90,
        type: 3}
      propertyPath: m_Name
      value: Forktown Door
      objectReference: {fileID: 0}
    m_RemovedComponents: []
  m_SourcePrefab: {fileID: 100100000, guid: b8484130aa21c45b8881ec793020ea90, type: 3}
--- !u!4 &3995835373837091991 stripped
Transform:
  m_CorrespondingSourceObject: {fileID: 8709570670919259228, guid: b8484130aa21c45b8881ec793020ea90,
    type: 3}
  m_PrefabInstance: {fileID: 5740562832681701579}
  m_PrefabAsset: {fileID: 0}
--- !u!23 &3995835373837091978 stripped
MeshRenderer:
  m_CorrespondingSourceObject: {fileID: 8709570670919259201, guid: b8484130aa21c45b8881ec793020ea90,
    type: 3}
  m_PrefabInstance: {fileID: 5740562832681701579}
  m_PrefabAsset: {fileID: 0}
--- !u!1001 &5740562832753824417
PrefabInstance:
  m_ObjectHideFlags: 0
  serializedVersion: 2
  m_Modification:
    m_TransformParent: {fileID: 5740562832159725486}
    m_Modifications:
    - target: {fileID: 1751795248, guid: 0891a21258e8e45ed9eb5db35a407417, type: 3}
      propertyPath: m_Enabled
      value: 0
      objectReference: {fileID: 0}
    - target: {fileID: 1972123651719370401, guid: 0891a21258e8e45ed9eb5db35a407417,
        type: 3}
      propertyPath: m_Name
      value: Castle Window 1
      objectReference: {fileID: 0}
    - target: {fileID: 1972123651719370404, guid: 0891a21258e8e45ed9eb5db35a407417,
        type: 3}
      propertyPath: m_Mesh
      value: 
      objectReference: {fileID: 0}
    - target: {fileID: 1972123651719370406, guid: 0891a21258e8e45ed9eb5db35a407417,
        type: 3}
      propertyPath: m_RootOrder
      value: 2
      objectReference: {fileID: 0}
    - target: {fileID: 1972123651719370406, guid: 0891a21258e8e45ed9eb5db35a407417,
        type: 3}
      propertyPath: m_LocalScale.x
      value: 0.80000013
      objectReference: {fileID: 0}
    - target: {fileID: 1972123651719370406, guid: 0891a21258e8e45ed9eb5db35a407417,
        type: 3}
      propertyPath: m_LocalScale.y
      value: 0.8000001
      objectReference: {fileID: 0}
    - target: {fileID: 1972123651719370406, guid: 0891a21258e8e45ed9eb5db35a407417,
        type: 3}
      propertyPath: m_LocalScale.z
      value: 0.80000013
      objectReference: {fileID: 0}
    - target: {fileID: 1972123651719370406, guid: 0891a21258e8e45ed9eb5db35a407417,
        type: 3}
      propertyPath: m_LocalPosition.x
      value: -1.9400003
      objectReference: {fileID: 0}
    - target: {fileID: 1972123651719370406, guid: 0891a21258e8e45ed9eb5db35a407417,
        type: 3}
      propertyPath: m_LocalPosition.y
      value: 2.4600012
      objectReference: {fileID: 0}
    - target: {fileID: 1972123651719370406, guid: 0891a21258e8e45ed9eb5db35a407417,
        type: 3}
      propertyPath: m_LocalPosition.z
      value: -7.820001
      objectReference: {fileID: 0}
    - target: {fileID: 1972123651719370406, guid: 0891a21258e8e45ed9eb5db35a407417,
        type: 3}
      propertyPath: m_LocalRotation.w
      value: 0.70710677
      objectReference: {fileID: 0}
    - target: {fileID: 1972123651719370406, guid: 0891a21258e8e45ed9eb5db35a407417,
        type: 3}
      propertyPath: m_LocalRotation.x
      value: -0
      objectReference: {fileID: 0}
    - target: {fileID: 1972123651719370406, guid: 0891a21258e8e45ed9eb5db35a407417,
        type: 3}
      propertyPath: m_LocalRotation.y
      value: 0.7071068
      objectReference: {fileID: 0}
    - target: {fileID: 1972123651719370406, guid: 0891a21258e8e45ed9eb5db35a407417,
        type: 3}
      propertyPath: m_LocalRotation.z
      value: -0
      objectReference: {fileID: 0}
    - target: {fileID: 1972123651719370406, guid: 0891a21258e8e45ed9eb5db35a407417,
        type: 3}
      propertyPath: m_LocalEulerAnglesHint.x
      value: 0
      objectReference: {fileID: 0}
    - target: {fileID: 1972123651719370406, guid: 0891a21258e8e45ed9eb5db35a407417,
        type: 3}
      propertyPath: m_LocalEulerAnglesHint.y
      value: 0
      objectReference: {fileID: 0}
    - target: {fileID: 1972123651719370406, guid: 0891a21258e8e45ed9eb5db35a407417,
        type: 3}
      propertyPath: m_LocalEulerAnglesHint.z
      value: 0
      objectReference: {fileID: 0}
    - target: {fileID: 8011975460267208989, guid: 0891a21258e8e45ed9eb5db35a407417,
        type: 3}
      propertyPath: m_IsActive
      value: 0
      objectReference: {fileID: 0}
    m_RemovedComponents: []
  m_SourcePrefab: {fileID: 100100000, guid: 0891a21258e8e45ed9eb5db35a407417, type: 3}
--- !u!23 &6121789890301199364 stripped
MeshRenderer:
  m_CorrespondingSourceObject: {fileID: 1972123651719370405, guid: 0891a21258e8e45ed9eb5db35a407417,
    type: 3}
  m_PrefabInstance: {fileID: 5740562832753824417}
  m_PrefabAsset: {fileID: 0}
--- !u!4 &6121789890301199367 stripped
Transform:
  m_CorrespondingSourceObject: {fileID: 1972123651719370406, guid: 0891a21258e8e45ed9eb5db35a407417,
    type: 3}
  m_PrefabInstance: {fileID: 5740562832753824417}
  m_PrefabAsset: {fileID: 0}
--- !u!23 &8813428860595775241 stripped
MeshRenderer:
  m_CorrespondingSourceObject: {fileID: 3883516443293562280, guid: 0891a21258e8e45ed9eb5db35a407417,
    type: 3}
  m_PrefabInstance: {fileID: 5740562832753824417}
  m_PrefabAsset: {fileID: 0}
