%YAML 1.1
%TAG !u! tag:unity3d.com,2011:
--- !u!1 &1184518574144258780
GameObject:
  m_ObjectHideFlags: 0
  m_CorrespondingSourceObject: {fileID: 0}
  m_PrefabInstance: {fileID: 0}
  m_PrefabAsset: {fileID: 0}
  serializedVersion: 6
  m_Component:
  - component: {fileID: 8702075474696298014}
  - component: {fileID: 7630265997610640476}
  - component: {fileID: 1184518574144258781}
  - component: {fileID: 2492280948100853491}
  - component: {fileID: 7771671795479264840}
  - component: {fileID: 1933760258867541204}
  - component: {fileID: -5608963701093930580}
  m_Layer: 12
  m_Name: Blast AOE - Ice
  m_TagString: Untagged
  m_Icon: {fileID: 0}
  m_NavMeshLayer: 0
  m_StaticEditorFlags: 16
  m_IsActive: 1
--- !u!4 &8702075474696298014
Transform:
  m_ObjectHideFlags: 0
  m_CorrespondingSourceObject: {fileID: 0}
  m_PrefabInstance: {fileID: 0}
  m_PrefabAsset: {fileID: 0}
  m_GameObject: {fileID: 1184518574144258780}
  m_LocalRotation: {x: 0, y: 0, z: 0, w: 1}
  m_LocalPosition: {x: -0.03, y: 1.154, z: -0.99}
  m_LocalScale: {x: 1, y: 1, z: 1}
  m_Children:
  - {fileID: 435680037662593534}
  m_Father: {fileID: 0}
  m_RootOrder: 0
  m_LocalEulerAnglesHint: {x: 0, y: 0, z: 0}
--- !u!135 &7630265997610640476
SphereCollider:
  m_ObjectHideFlags: 0
  m_CorrespondingSourceObject: {fileID: 0}
  m_PrefabInstance: {fileID: 0}
  m_PrefabAsset: {fileID: 0}
  m_GameObject: {fileID: 1184518574144258780}
  m_Material: {fileID: 0}
  m_IsTrigger: 1
  m_Enabled: 1
  serializedVersion: 2
  m_Radius: 3
  m_Center: {x: 0, y: 0, z: 0}
--- !u!114 &1184518574144258781
MonoBehaviour:
  m_ObjectHideFlags: 0
  m_CorrespondingSourceObject: {fileID: 0}
  m_PrefabInstance: {fileID: 0}
  m_PrefabAsset: {fileID: 0}
  m_GameObject: {fileID: 1184518574144258780}
  m_Enabled: 1
  m_EditorHideFlags: 0
  m_Script: {fileID: 11500000, guid: 325eae5e1580742aba515d9fa77fa94b, type: 3}
  m_Name: 
  m_EditorClassIdentifier: 
  onEnable:
    m_PersistentCalls:
      m_Calls:
      - m_Target: {fileID: 7630265997610640476}
        m_MethodName: set_enabled
        m_Mode: 6
        m_Arguments:
          m_ObjectArgument: {fileID: 0}
          m_ObjectArgumentAssemblyTypeName: UnityEngine.Object, UnityEngine
          m_IntArgument: 0
          m_FloatArgument: 0
          m_StringArgument: 
          m_BoolArgument: 1
        m_CallState: 2
      - m_Target: {fileID: 7771671795479264840}
        m_MethodName: set_enabled
        m_Mode: 6
        m_Arguments:
          m_ObjectArgument: {fileID: 0}
          m_ObjectArgumentAssemblyTypeName: UnityEngine.Object, UnityEngine
          m_IntArgument: 0
          m_FloatArgument: 0
          m_StringArgument: 
          m_BoolArgument: 1
        m_CallState: 2
--- !u!114 &2492280948100853491
MonoBehaviour:
  m_ObjectHideFlags: 0
  m_CorrespondingSourceObject: {fileID: 0}
  m_PrefabInstance: {fileID: 0}
  m_PrefabAsset: {fileID: 0}
  m_GameObject: {fileID: 1184518574144258780}
  m_Enabled: 1
  m_EditorHideFlags: 0
  m_Script: {fileID: 11500000, guid: 355bf235348c5a44e95db02374c7201f, type: 3}
  m_Name: 
  m_EditorClassIdentifier: 
  applyForce: 0
  hitType: 0
  forceDirection: 0
  velocityCutoff: 2
  appliedForce: 10
  mute: 0
--- !u!114 &7771671795479264840
MonoBehaviour:
  m_ObjectHideFlags: 0
  m_CorrespondingSourceObject: {fileID: 0}
  m_PrefabInstance: {fileID: 0}
  m_PrefabAsset: {fileID: 0}
  m_GameObject: {fileID: 1184518574144258780}
  m_Enabled: 0
  m_EditorHideFlags: 0
  m_Script: {fileID: 11500000, guid: bee0990edccea4641b4b422dd9cdc6ec, type: 3}
  m_Name: 
  m_EditorClassIdentifier: 
  timer: 0
  duration: 0.1
  variance: 0
  ignoreTimeScale: 0
  repeat: 0
  subtractiveProgress: 0
  onTimerStarted:
    m_PersistentCalls:
      m_Calls: []
  onTimerUpdated:
    m_PersistentCalls:
      m_Calls: []
  onTimerFinished:
    m_PersistentCalls:
      m_Calls:
      - m_Target: {fileID: 7630265997610640476}
        m_MethodName: set_enabled
        m_Mode: 6
        m_Arguments:
          m_ObjectArgument: {fileID: 0}
          m_ObjectArgumentAssemblyTypeName: UnityEngine.Object, UnityEngine
          m_IntArgument: 0
          m_FloatArgument: 0
          m_StringArgument: 
          m_BoolArgument: 0
        m_CallState: 2
--- !u!114 &1933760258867541204
MonoBehaviour:
  m_ObjectHideFlags: 0
  m_CorrespondingSourceObject: {fileID: 0}
  m_PrefabInstance: {fileID: 0}
  m_PrefabAsset: {fileID: 0}
  m_GameObject: {fileID: 1184518574144258780}
  m_Enabled: 1
  m_EditorHideFlags: 0
  m_Script: {fileID: 11500000, guid: 32d283f7ca1351d44b57f85ae3e5fcdd, type: 3}
  m_Name: 
  m_EditorClassIdentifier: 
  slowResistance: 1
  ignorePhysicsAspect: 0
--- !u!114 &-5608963701093930580
MonoBehaviour:
  m_ObjectHideFlags: 0
  m_CorrespondingSourceObject: {fileID: 0}
  m_PrefabInstance: {fileID: 0}
  m_PrefabAsset: {fileID: 0}
  m_GameObject: {fileID: 1184518574144258780}
  m_Enabled: 1
  m_EditorHideFlags: 0
  m_Script: {fileID: 11500000, guid: b7f79f2b67d5c4b44a5a5ce6900f2470, type: 3}
  m_Name: 
  m_EditorClassIdentifier: 
  mute: 0
  hitType: 0
  forceDirection: 0
  forceExternallyDetermined: 0
  force: 15
  addtionalForce: 0
  stunMultiplier: 3
  onHit:
    m_PersistentCalls:
      m_Calls: []
--- !u!114 &1935513466487601242
MonoBehaviour:
  m_ObjectHideFlags: 0
  m_CorrespondingSourceObject: {fileID: 0}
  m_PrefabInstance: {fileID: 0}
  m_PrefabAsset: {fileID: 0}
  m_GameObject: {fileID: 5714907113396100184}
  m_Enabled: 1
  m_EditorHideFlags: 0
  m_Script: {fileID: 11500000, guid: 4ab6ae1f9c220490b96185ffb2b64193, type: 3}
  m_Name: 
  m_EditorClassIdentifier: 
  onParticleSystemDone:
    m_PersistentCalls:
      m_Calls:
      - m_Target: {fileID: 4134032249117760631}
        m_MethodName: DespawnObject
        m_Mode: 2
        m_Arguments:
          m_ObjectArgument: {fileID: 1184518574144258780}
          m_ObjectArgumentAssemblyTypeName: UnityEngine.GameObject, UnityEngine
          m_IntArgument: 0
          m_FloatArgument: 0
          m_StringArgument: 
          m_BoolArgument: 0
        m_CallState: 2
--- !u!114 &4134032249117760631
MonoBehaviour:
  m_ObjectHideFlags: 0
  m_CorrespondingSourceObject: {fileID: 0}
  m_PrefabInstance: {fileID: 0}
  m_PrefabAsset: {fileID: 0}
  m_GameObject: {fileID: 5714907113396100184}
  m_Enabled: 1
  m_EditorHideFlags: 0
  m_Script: {fileID: 11500000, guid: 9e4d7e8ca24e345ec849efe853d23dcb, type: 3}
  m_Name: 
  m_EditorClassIdentifier: 
--- !u!1001 &7709837692851255494
PrefabInstance:
  m_ObjectHideFlags: 0
  serializedVersion: 2
  m_Modification:
    m_TransformParent: {fileID: 8702075474696298014}
    m_Modifications:
    - target: {fileID: 2716151293210207390, guid: c2211c3758c1d4c58a9de54560e01fea,
        type: 3}
      propertyPath: m_Name
      value: Cloud (Effect)
      objectReference: {fileID: 0}
    - target: {fileID: 2716151293210207390, guid: c2211c3758c1d4c58a9de54560e01fea,
        type: 3}
      propertyPath: m_Layer
      value: 12
      objectReference: {fileID: 0}
    - target: {fileID: 2716151293210207390, guid: c2211c3758c1d4c58a9de54560e01fea,
        type: 3}
      propertyPath: m_StaticEditorFlags
      value: 16
      objectReference: {fileID: 0}
    - target: {fileID: 5691266562889718364, guid: c2211c3758c1d4c58a9de54560e01fea,
        type: 3}
      propertyPath: stopAction
      value: 3
      objectReference: {fileID: 0}
    - target: {fileID: 5691266562889718364, guid: c2211c3758c1d4c58a9de54560e01fea,
        type: 3}
      propertyPath: lengthInSec
      value: 0.1
      objectReference: {fileID: 0}
    - target: {fileID: 5691266562889718364, guid: c2211c3758c1d4c58a9de54560e01fea,
        type: 3}
      propertyPath: scalingMode
      value: 0
      objectReference: {fileID: 0}
    - target: {fileID: 5691266562889718364, guid: c2211c3758c1d4c58a9de54560e01fea,
        type: 3}
      propertyPath: ShapeModule.radius.value
      value: 2
      objectReference: {fileID: 0}
    - target: {fileID: 5691266562889718364, guid: c2211c3758c1d4c58a9de54560e01fea,
        type: 3}
      propertyPath: EmissionModule.m_BurstCount
      value: 1
      objectReference: {fileID: 0}
    - target: {fileID: 5691266562889718364, guid: c2211c3758c1d4c58a9de54560e01fea,
        type: 3}
      propertyPath: InitialModule.startSpeed.scalar
      value: 2
      objectReference: {fileID: 0}
    - target: {fileID: 5691266562889718364, guid: c2211c3758c1d4c58a9de54560e01fea,
        type: 3}
      propertyPath: EmissionModule.m_Bursts.Array.size
      value: 1
      objectReference: {fileID: 0}
    - target: {fileID: 5691266562889718364, guid: c2211c3758c1d4c58a9de54560e01fea,
        type: 3}
      propertyPath: EmissionModule.rateOverTime.scalar
      value: 400
      objectReference: {fileID: 0}
    - target: {fileID: 5691266562889718364, guid: c2211c3758c1d4c58a9de54560e01fea,
        type: 3}
      propertyPath: InitialModule.startLifetime.scalar
      value: 1.5
      objectReference: {fileID: 0}
    - target: {fileID: 5691266562889718364, guid: c2211c3758c1d4c58a9de54560e01fea,
        type: 3}
      propertyPath: InitialModule.startSpeed.minScalar
      value: 1
      objectReference: {fileID: 0}
    - target: {fileID: 5691266562889718364, guid: c2211c3758c1d4c58a9de54560e01fea,
        type: 3}
      propertyPath: InitialModule.startColor.maxColor.b
      value: 1
      objectReference: {fileID: 0}
    - target: {fileID: 5691266562889718364, guid: c2211c3758c1d4c58a9de54560e01fea,
        type: 3}
      propertyPath: InitialModule.startColor.maxColor.g
      value: 0.81057835
      objectReference: {fileID: 0}
    - target: {fileID: 5691266562889718364, guid: c2211c3758c1d4c58a9de54560e01fea,
        type: 3}
      propertyPath: InitialModule.startColor.maxColor.r
      value: 0
      objectReference: {fileID: 0}
    - target: {fileID: 5691266562889718364, guid: c2211c3758c1d4c58a9de54560e01fea,
        type: 3}
      propertyPath: InitialModule.startColor.minColor.b
      value: 1
      objectReference: {fileID: 0}
    - target: {fileID: 5691266562889718364, guid: c2211c3758c1d4c58a9de54560e01fea,
        type: 3}
      propertyPath: InitialModule.startColor.minColor.g
      value: 1
      objectReference: {fileID: 0}
    - target: {fileID: 5691266562889718364, guid: c2211c3758c1d4c58a9de54560e01fea,
        type: 3}
      propertyPath: InitialModule.startColor.minColor.r
      value: 1
      objectReference: {fileID: 0}
    - target: {fileID: 5691266562889718364, guid: c2211c3758c1d4c58a9de54560e01fea,
        type: 3}
      propertyPath: InitialModule.gravityModifier.scalar
      value: 1
      objectReference: {fileID: 0}
    - target: {fileID: 5691266562889718364, guid: c2211c3758c1d4c58a9de54560e01fea,
        type: 3}
      propertyPath: InitialModule.gravityModifier.minMaxState
      value: 1
      objectReference: {fileID: 0}
    - target: {fileID: 5691266562889718364, guid: c2211c3758c1d4c58a9de54560e01fea,
        type: 3}
      propertyPath: EmissionModule.m_Bursts.Array.data[0].cycleCount
      value: 1
      objectReference: {fileID: 0}
    - target: {fileID: 5691266562889718364, guid: c2211c3758c1d4c58a9de54560e01fea,
        type: 3}
      propertyPath: EmissionModule.m_Bursts.Array.data[0].probability
      value: 1
      objectReference: {fileID: 0}
    - target: {fileID: 5691266562889718364, guid: c2211c3758c1d4c58a9de54560e01fea,
        type: 3}
      propertyPath: EmissionModule.m_Bursts.Array.data[0].repeatInterval
      value: 0.01
      objectReference: {fileID: 0}
    - target: {fileID: 5691266562889718364, guid: c2211c3758c1d4c58a9de54560e01fea,
        type: 3}
      propertyPath: EmissionModule.m_Bursts.Array.data[0].countCurve.scalar
      value: 300
      objectReference: {fileID: 0}
    - target: {fileID: 5691266562889718364, guid: c2211c3758c1d4c58a9de54560e01fea,
        type: 3}
      propertyPath: EmissionModule.m_Bursts.Array.data[0].countCurve.minScalar
      value: 30
      objectReference: {fileID: 0}
    - target: {fileID: 5691266562889718364, guid: c2211c3758c1d4c58a9de54560e01fea,
        type: 3}
      propertyPath: InitialModule.gravityModifier.maxCurve.m_Curve.Array.data[1].value
      value: -0.1
      objectReference: {fileID: 0}
    - target: {fileID: 5691266562889718364, guid: c2211c3758c1d4c58a9de54560e01fea,
        type: 3}
      propertyPath: EmissionModule.m_Bursts.Array.data[0].countCurve.maxCurve.m_PreInfinity
      value: 2
      objectReference: {fileID: 0}
    - target: {fileID: 5691266562889718364, guid: c2211c3758c1d4c58a9de54560e01fea,
        type: 3}
      propertyPath: EmissionModule.m_Bursts.Array.data[0].countCurve.minCurve.m_PreInfinity
      value: 2
      objectReference: {fileID: 0}
    - target: {fileID: 5691266562889718364, guid: c2211c3758c1d4c58a9de54560e01fea,
        type: 3}
      propertyPath: EmissionModule.m_Bursts.Array.data[0].countCurve.maxCurve.m_PostInfinity
      value: 2
      objectReference: {fileID: 0}
    - target: {fileID: 5691266562889718364, guid: c2211c3758c1d4c58a9de54560e01fea,
        type: 3}
      propertyPath: EmissionModule.m_Bursts.Array.data[0].countCurve.minCurve.m_PostInfinity
      value: 2
      objectReference: {fileID: 0}
    - target: {fileID: 5691266562889718364, guid: c2211c3758c1d4c58a9de54560e01fea,
        type: 3}
      propertyPath: EmissionModule.m_Bursts.Array.data[0].countCurve.maxCurve.m_RotationOrder
      value: 4
      objectReference: {fileID: 0}
    - target: {fileID: 5691266562889718364, guid: c2211c3758c1d4c58a9de54560e01fea,
        type: 3}
      propertyPath: EmissionModule.m_Bursts.Array.data[0].countCurve.minCurve.m_RotationOrder
      value: 4
      objectReference: {fileID: 0}
    - target: {fileID: 5691266562889718364, guid: c2211c3758c1d4c58a9de54560e01fea,
        type: 3}
      propertyPath: EmissionModule.m_Bursts.Array.data[0].countCurve.maxCurve.m_Curve.Array.size
      value: 2
      objectReference: {fileID: 0}
    - target: {fileID: 5691266562889718364, guid: c2211c3758c1d4c58a9de54560e01fea,
        type: 3}
      propertyPath: EmissionModule.m_Bursts.Array.data[0].countCurve.minCurve.m_Curve.Array.size
      value: 2
      objectReference: {fileID: 0}
    - target: {fileID: 5691266562889718364, guid: c2211c3758c1d4c58a9de54560e01fea,
        type: 3}
      propertyPath: EmissionModule.m_Bursts.Array.data[0].countCurve.maxCurve.m_Curve.Array.data[1].time
      value: 1
      objectReference: {fileID: 0}
    - target: {fileID: 5691266562889718364, guid: c2211c3758c1d4c58a9de54560e01fea,
        type: 3}
      propertyPath: EmissionModule.m_Bursts.Array.data[0].countCurve.minCurve.m_Curve.Array.data[1].time
      value: 1
      objectReference: {fileID: 0}
    - target: {fileID: 5691266562889718364, guid: c2211c3758c1d4c58a9de54560e01fea,
        type: 3}
      propertyPath: EmissionModule.m_Bursts.Array.data[0].countCurve.maxCurve.m_Curve.Array.data[0].value
      value: 1
      objectReference: {fileID: 0}
    - target: {fileID: 5691266562889718364, guid: c2211c3758c1d4c58a9de54560e01fea,
        type: 3}
      propertyPath: EmissionModule.m_Bursts.Array.data[0].countCurve.maxCurve.m_Curve.Array.data[1].value
      value: 1
      objectReference: {fileID: 0}
    - target: {fileID: 5691266562889718364, guid: c2211c3758c1d4c58a9de54560e01fea,
        type: 3}
      propertyPath: EmissionModule.m_Bursts.Array.data[0].countCurve.minCurve.m_Curve.Array.data[0].value
      value: 1
      objectReference: {fileID: 0}
    - target: {fileID: 5691266562889718364, guid: c2211c3758c1d4c58a9de54560e01fea,
        type: 3}
      propertyPath: EmissionModule.m_Bursts.Array.data[0].countCurve.minCurve.m_Curve.Array.data[1].value
      value: 1
      objectReference: {fileID: 0}
    - target: {fileID: 5691266562889718364, guid: c2211c3758c1d4c58a9de54560e01fea,
        type: 3}
      propertyPath: EmissionModule.m_Bursts.Array.data[0].countCurve.maxCurve.m_Curve.Array.data[0].inWeight
      value: 0.33333334
      objectReference: {fileID: 0}
    - target: {fileID: 5691266562889718364, guid: c2211c3758c1d4c58a9de54560e01fea,
        type: 3}
      propertyPath: EmissionModule.m_Bursts.Array.data[0].countCurve.maxCurve.m_Curve.Array.data[1].inWeight
      value: 0.33333334
      objectReference: {fileID: 0}
    - target: {fileID: 5691266562889718364, guid: c2211c3758c1d4c58a9de54560e01fea,
        type: 3}
      propertyPath: EmissionModule.m_Bursts.Array.data[0].countCurve.minCurve.m_Curve.Array.data[0].inWeight
      value: 0.33333334
      objectReference: {fileID: 0}
    - target: {fileID: 5691266562889718364, guid: c2211c3758c1d4c58a9de54560e01fea,
        type: 3}
      propertyPath: EmissionModule.m_Bursts.Array.data[0].countCurve.minCurve.m_Curve.Array.data[1].inWeight
      value: 0.33333334
      objectReference: {fileID: 0}
    - target: {fileID: 5691266562889718364, guid: c2211c3758c1d4c58a9de54560e01fea,
        type: 3}
      propertyPath: EmissionModule.m_Bursts.Array.data[0].countCurve.maxCurve.m_Curve.Array.data[0].outWeight
      value: 0.33333334
      objectReference: {fileID: 0}
    - target: {fileID: 5691266562889718364, guid: c2211c3758c1d4c58a9de54560e01fea,
        type: 3}
      propertyPath: EmissionModule.m_Bursts.Array.data[0].countCurve.maxCurve.m_Curve.Array.data[1].outWeight
      value: 0.33333334
      objectReference: {fileID: 0}
    - target: {fileID: 5691266562889718364, guid: c2211c3758c1d4c58a9de54560e01fea,
        type: 3}
      propertyPath: EmissionModule.m_Bursts.Array.data[0].countCurve.minCurve.m_Curve.Array.data[0].outWeight
      value: 0.33333334
      objectReference: {fileID: 0}
    - target: {fileID: 5691266562889718364, guid: c2211c3758c1d4c58a9de54560e01fea,
        type: 3}
      propertyPath: EmissionModule.m_Bursts.Array.data[0].countCurve.minCurve.m_Curve.Array.data[1].outWeight
      value: 0.33333334
      objectReference: {fileID: 0}
    - target: {fileID: 7851181696766142776, guid: c2211c3758c1d4c58a9de54560e01fea,
        type: 3}
      propertyPath: m_RootOrder
      value: 0
      objectReference: {fileID: 0}
    - target: {fileID: 7851181696766142776, guid: c2211c3758c1d4c58a9de54560e01fea,
        type: 3}
      propertyPath: m_LocalPosition.x
      value: 0
      objectReference: {fileID: 0}
    - target: {fileID: 7851181696766142776, guid: c2211c3758c1d4c58a9de54560e01fea,
        type: 3}
      propertyPath: m_LocalPosition.y
      value: 0
      objectReference: {fileID: 0}
    - target: {fileID: 7851181696766142776, guid: c2211c3758c1d4c58a9de54560e01fea,
        type: 3}
      propertyPath: m_LocalPosition.z
      value: 0
      objectReference: {fileID: 0}
    - target: {fileID: 7851181696766142776, guid: c2211c3758c1d4c58a9de54560e01fea,
        type: 3}
      propertyPath: m_LocalRotation.w
      value: 1
      objectReference: {fileID: 0}
    - target: {fileID: 7851181696766142776, guid: c2211c3758c1d4c58a9de54560e01fea,
        type: 3}
      propertyPath: m_LocalRotation.x
      value: -0
      objectReference: {fileID: 0}
    - target: {fileID: 7851181696766142776, guid: c2211c3758c1d4c58a9de54560e01fea,
        type: 3}
      propertyPath: m_LocalRotation.y
      value: -0
      objectReference: {fileID: 0}
    - target: {fileID: 7851181696766142776, guid: c2211c3758c1d4c58a9de54560e01fea,
        type: 3}
      propertyPath: m_LocalRotation.z
      value: -0
      objectReference: {fileID: 0}
    - target: {fileID: 7851181696766142776, guid: c2211c3758c1d4c58a9de54560e01fea,
        type: 3}
      propertyPath: m_LocalEulerAnglesHint.x
      value: 0
      objectReference: {fileID: 0}
    - target: {fileID: 7851181696766142776, guid: c2211c3758c1d4c58a9de54560e01fea,
        type: 3}
      propertyPath: m_LocalEulerAnglesHint.y
      value: 0
      objectReference: {fileID: 0}
    - target: {fileID: 7851181696766142776, guid: c2211c3758c1d4c58a9de54560e01fea,
        type: 3}
      propertyPath: m_LocalEulerAnglesHint.z
      value: 0
      objectReference: {fileID: 0}
    m_RemovedComponents: []
  m_SourcePrefab: {fileID: 100100000, guid: c2211c3758c1d4c58a9de54560e01fea, type: 3}
--- !u!1 &5714907113396100184 stripped
GameObject:
  m_CorrespondingSourceObject: {fileID: 2716151293210207390, guid: c2211c3758c1d4c58a9de54560e01fea,
    type: 3}
  m_PrefabInstance: {fileID: 7709837692851255494}
  m_PrefabAsset: {fileID: 0}
--- !u!4 &435680037662593534 stripped
Transform:
  m_CorrespondingSourceObject: {fileID: 7851181696766142776, guid: c2211c3758c1d4c58a9de54560e01fea,
    type: 3}
  m_PrefabInstance: {fileID: 7709837692851255494}
  m_PrefabAsset: {fileID: 0}
