%YAML 1.1
%TAG !u! tag:unity3d.com,2011:
--- !u!1 &1981741768494943805
GameObject:
  m_ObjectHideFlags: 0
  m_CorrespondingSourceObject: {fileID: 0}
  m_PrefabInstance: {fileID: 0}
  m_PrefabAsset: {fileID: 0}
  serializedVersion: 6
  m_Component:
  - component: {fileID: 6251996371420103447}
  - component: {fileID: 6405422501047082772}
  - component: {fileID: 130952886870788514}
  m_Layer: 20
  m_Name: Hookshot Target (Detach)
  m_TagString: Untagged
  m_Icon: {fileID: 0}
  m_NavMeshLayer: 0
  m_StaticEditorFlags: 16
  m_IsActive: 1
--- !u!4 &6251996371420103447
Transform:
  m_ObjectHideFlags: 0
  m_CorrespondingSourceObject: {fileID: 0}
  m_PrefabInstance: {fileID: 0}
  m_PrefabAsset: {fileID: 0}
  m_GameObject: {fileID: 1981741768494943805}
  m_LocalRotation: {x: 0, y: 0, z: 0, w: 1}
  m_LocalPosition: {x: 0, y: 0, z: -0.365}
  m_LocalScale: {x: 1, y: 1, z: 1}
  m_Children: []
  m_Father: {fileID: 8829477315127490813}
  m_RootOrder: 5
  m_LocalEulerAnglesHint: {x: 0, y: 0, z: 0}
--- !u!114 &6405422501047082772
MonoBehaviour:
  m_ObjectHideFlags: 0
  m_CorrespondingSourceObject: {fileID: 0}
  m_PrefabInstance: {fileID: 0}
  m_PrefabAsset: {fileID: 0}
  m_GameObject: {fileID: 1981741768494943805}
  m_Enabled: 1
  m_EditorHideFlags: 0
  m_Script: {fileID: 11500000, guid: 4b9f6903563333e48a936c36c17e2de9, type: 3}
  m_Name: 
  m_EditorClassIdentifier: 
  mute: 0
  type: 1
  tooCloseRange: 1
  maxRangeScalar: 1
  visualOffset: {x: 0, y: 0, z: 0}
  visualOffsetDistance: 0
  ignoredBlockers:
  - {fileID: 8841263539731499569}
  navigationOffset: {x: 0, y: 0, z: 0}
  exitForce: {x: 0, y: 0}
  exitDistance: 2
  instantYank: 0
  invertVerticalYank: 0
  invertVerticalYankThreshold: -0.1
  pullBuildupTime: 1
  tugSpeedScale: 1
  tugVulnerability: 1
  tugVerticalBias: 0.7
  pullVulnerability: 1
  pullVerticalBias: 0.3
  onTug:
    m_PersistentCalls:
      m_Calls: []
  onPullStarted:
    m_PersistentCalls:
      m_Calls:
      - m_Target: {fileID: 6951166647859079302}
        m_MethodName: TriggerHold
        m_Mode: 1
        m_Arguments:
          m_ObjectArgument: {fileID: 0}
          m_ObjectArgumentAssemblyTypeName: UnityEngine.Object, UnityEngine
          m_IntArgument: 0
          m_FloatArgument: 0
          m_StringArgument: 
          m_BoolArgument: 0
        m_CallState: 2
  onPullReleased:
    m_PersistentCalls:
      m_Calls:
      - m_Target: {fileID: 6951166647859079302}
        m_MethodName: EndHold
        m_Mode: 1
        m_Arguments:
          m_ObjectArgument: {fileID: 0}
          m_ObjectArgumentAssemblyTypeName: UnityEngine.Object, UnityEngine
          m_IntArgument: 0
          m_FloatArgument: 0
          m_StringArgument: 
          m_BoolArgument: 0
        m_CallState: 2
      - m_Target: {fileID: 4186432793534995335}
        m_MethodName: Detach
        m_Mode: 0
        m_Arguments:
          m_ObjectArgument: {fileID: 0}
          m_ObjectArgumentAssemblyTypeName: UnityEngine.Object, UnityEngine
          m_IntArgument: 0
          m_FloatArgument: 0
          m_StringArgument: 
          m_BoolArgument: 0
        m_CallState: 2
      - m_Target: {fileID: 6405422501047082772}
        m_MethodName: setMute
        m_Mode: 6
        m_Arguments:
          m_ObjectArgument: {fileID: 0}
          m_ObjectArgumentAssemblyTypeName: UnityEngine.Object, UnityEngine
          m_IntArgument: 0
          m_FloatArgument: 0
          m_StringArgument: 
          m_BoolArgument: 1
        m_CallState: 2
      - m_Target: {fileID: 802290917723051982}
        m_MethodName: setMute
        m_Mode: 6
        m_Arguments:
          m_ObjectArgument: {fileID: 0}
          m_ObjectArgumentAssemblyTypeName: UnityEngine.Object, UnityEngine
          m_IntArgument: 0
          m_FloatArgument: 0
          m_StringArgument: 
          m_BoolArgument: 0
        m_CallState: 2
  onFullChargeReached:
    m_PersistentCalls:
      m_Calls: []
  onFullChargeFailed:
    m_PersistentCalls:
      m_Calls: []
  onDetached:
    m_PersistentCalls:
      m_Calls: []
--- !u!135 &130952886870788514
SphereCollider:
  m_ObjectHideFlags: 0
  m_CorrespondingSourceObject: {fileID: 0}
  m_PrefabInstance: {fileID: 0}
  m_PrefabAsset: {fileID: 0}
  m_GameObject: {fileID: 1981741768494943805}
  m_Material: {fileID: 0}
  m_IsTrigger: 1
  m_Enabled: 1
  serializedVersion: 2
  m_Radius: 0.4
  m_Center: {x: 0, y: 0, z: 0}
--- !u!114 &1446966036568728610
MonoBehaviour:
  m_ObjectHideFlags: 0
  m_CorrespondingSourceObject: {fileID: 0}
  m_PrefabInstance: {fileID: 0}
  m_PrefabAsset: {fileID: 0}
  m_GameObject: {fileID: 6084767901156789400}
  m_Enabled: 1
  m_EditorHideFlags: 0
  m_Script: {fileID: 11500000, guid: 0125dc38c1edf704abd9eb01c66ed51b, type: 3}
  m_Name: 
  m_EditorClassIdentifier: 
  mute: 0
  offsetCheck: {fileID: 5350047712839873243}
  hasProtectionRange: 1
  protectionRange: 0
  customForward: {x: 0, y: 0, z: -1}
  jabTiggerClips:
    clips:
    - {fileID: 8300000, guid: 15f4e0f3522514e08bcaec89eaecfecc, type: 3}
    - {fileID: 8300000, guid: 8ad3877ff27664469a5235b21a31cff3, type: 3}
    - {fileID: 8300000, guid: 55bf64c01f1a747789eee553d35faab8, type: 3}
    - {fileID: 8300000, guid: 03133939fa407496daca81e16a9eb393, type: 3}
    playChance: 1
  jabAudioData:
    minDistance: 15
    maxDistance: 30
    is3D: 1
    volume: 1
    isLooping: 0
    autoDestroy: 1
    pitchRange: 0.3
    pitchRangeDirection: -1
    stereoPan: 0
    spread: 0
    ignoreBuffer: 0
    notSet: 0
  chargedTriggerClips:
    clips:
    - {fileID: 8300000, guid: c5c0daab583324f0b9422880a48b64a4, type: 3}
    - {fileID: 8300000, guid: 12b3afcf209be44789b30ec085d228ef, type: 3}
    - {fileID: 8300000, guid: aceb44f379f5d4bd88b32cfc7a951bca, type: 3}
    - {fileID: 8300000, guid: b7f273481f57a4973870731985b3ee18, type: 3}
    playChance: 1
  chargedAudioData:
    minDistance: 15
    maxDistance: 30
    is3D: 1
    volume: 1
    isLooping: 0
    autoDestroy: 1
    pitchRange: 0.3
    pitchRangeDirection: -1
    stereoPan: 0
    spread: 0
    ignoreBuffer: 0
    notSet: 0
  flattenY: 1
  triggerOnJab: 1
  jabScaling: 0.25
  onTriggeredJab:
    m_PersistentCalls:
      m_Calls:
      - m_Target: {fileID: 3117664967762921744}
        m_MethodName: set_enabled
        m_Mode: 6
        m_Arguments:
          m_ObjectArgument: {fileID: 0}
          m_ObjectArgumentAssemblyTypeName: UnityEngine.Object, UnityEngine
          m_IntArgument: 0
          m_FloatArgument: 0
          m_StringArgument: 
          m_BoolArgument: 1
        m_CallState: 2
      - m_Target: {fileID: 2382697515803643627}
        m_MethodName: RecieveKnockbackCosmetic
        m_Mode: 0
        m_Arguments:
          m_ObjectArgument: {fileID: 0}
          m_ObjectArgumentAssemblyTypeName: UnityEngine.Object, UnityEngine
          m_IntArgument: 0
          m_FloatArgument: 0
          m_StringArgument: 
          m_BoolArgument: 0
        m_CallState: 2
  triggerOnCharge: 1
  chargeScaling: 1.5
  onTriggeredCharge:
    m_PersistentCalls:
      m_Calls:
      - m_Target: {fileID: 3117664967762921744}
        m_MethodName: set_enabled
        m_Mode: 6
        m_Arguments:
          m_ObjectArgument: {fileID: 0}
          m_ObjectArgumentAssemblyTypeName: UnityEngine.Object, UnityEngine
          m_IntArgument: 0
          m_FloatArgument: 0
          m_StringArgument: 
          m_BoolArgument: 1
        m_CallState: 2
      - m_Target: {fileID: 2382697515803643627}
        m_MethodName: RecieveKnockbackCosmetic
        m_Mode: 0
        m_Arguments:
          m_ObjectArgument: {fileID: 0}
          m_ObjectArgumentAssemblyTypeName: UnityEngine.Object, UnityEngine
          m_IntArgument: 0
          m_FloatArgument: 0
          m_StringArgument: 
          m_BoolArgument: 0
        m_CallState: 2
--- !u!114 &7747711007957140731
MonoBehaviour:
  m_ObjectHideFlags: 0
  m_CorrespondingSourceObject: {fileID: 0}
  m_PrefabInstance: {fileID: 0}
  m_PrefabAsset: {fileID: 0}
  m_GameObject: {fileID: 6084767901156789400}
  m_Enabled: 0
  m_EditorHideFlags: 0
  m_Script: {fileID: 11500000, guid: fe23bb94084f8b3479f188902eff6fa1, type: 3}
  m_Name: 
  m_EditorClassIdentifier: 
  rend: {fileID: 7382974111185687067}
  swapDuration: 0.3
  swappedMaterial: {fileID: 2100000, guid: c369a831e33b31a48b8c23c990429ed9, type: 2}
  swappedIndex: 0
--- !u!114 &7902765775833333595
MonoBehaviour:
  m_ObjectHideFlags: 0
  m_CorrespondingSourceObject: {fileID: 0}
  m_PrefabInstance: {fileID: 0}
  m_PrefabAsset: {fileID: 0}
  m_GameObject: {fileID: 6084767901156789400}
  m_Enabled: 1
  m_EditorHideFlags: 0
  m_Script: {fileID: 11500000, guid: ad3b19cb0979eca4da1181a27a9fa1a8, type: 3}
  m_Name: 
  m_EditorClassIdentifier: 
  duration: 2
--- !u!1001 &2790735833373829771
PrefabInstance:
  m_ObjectHideFlags: 0
  serializedVersion: 2
  m_Modification:
    m_TransformParent: {fileID: 5041860919942474856}
    m_Modifications:
    - target: {fileID: 86161990379231523, guid: 81dfc93db105d423a88d3720686bab8f,
        type: 3}
      propertyPath: m_StaticEditorFlags
      value: 16
      objectReference: {fileID: 0}
    - target: {fileID: 208701737922468413, guid: 81dfc93db105d423a88d3720686bab8f,
        type: 3}
      propertyPath: m_StaticEditorFlags
      value: 16
      objectReference: {fileID: 0}
    - target: {fileID: 624972261195577916, guid: 81dfc93db105d423a88d3720686bab8f,
        type: 3}
      propertyPath: m_Mesh
      value: 
      objectReference: {fileID: 0}
    - target: {fileID: 624972261195577916, guid: 81dfc93db105d423a88d3720686bab8f,
        type: 3}
      propertyPath: m_Textures0.Array.data[1].x
      value: 0.20000002
      objectReference: {fileID: 0}
    - target: {fileID: 624972261195577916, guid: 81dfc93db105d423a88d3720686bab8f,
        type: 3}
      propertyPath: m_Textures0.Array.data[2].x
      value: 0.1
      objectReference: {fileID: 0}
    - target: {fileID: 624972261195577916, guid: 81dfc93db105d423a88d3720686bab8f,
        type: 3}
      propertyPath: m_Textures0.Array.data[6].y
      value: -0.056694675
      objectReference: {fileID: 0}
    - target: {fileID: 624972261195577916, guid: 81dfc93db105d423a88d3720686bab8f,
        type: 3}
      propertyPath: m_Textures0.Array.data[7].y
      value: -0.056694675
      objectReference: {fileID: 0}
    - target: {fileID: 624972261195577916, guid: 81dfc93db105d423a88d3720686bab8f,
        type: 3}
      propertyPath: m_Textures0.Array.data[18].y
      value: -0.11338932
      objectReference: {fileID: 0}
    - target: {fileID: 624972261195577916, guid: 81dfc93db105d423a88d3720686bab8f,
        type: 3}
      propertyPath: m_Textures0.Array.data[19].y
      value: -0.11338932
      objectReference: {fileID: 0}
    - target: {fileID: 624972261195577916, guid: 81dfc93db105d423a88d3720686bab8f,
        type: 3}
      propertyPath: m_Textures0.Array.data[20].y
      value: 0.41576093
      objectReference: {fileID: 0}
    - target: {fileID: 624972261195577916, guid: 81dfc93db105d423a88d3720686bab8f,
        type: 3}
      propertyPath: m_Textures0.Array.data[24].y
      value: -0.05669468
      objectReference: {fileID: 0}
    - target: {fileID: 624972261195577916, guid: 81dfc93db105d423a88d3720686bab8f,
        type: 3}
      propertyPath: m_Textures0.Array.data[25].y
      value: -0.05669468
      objectReference: {fileID: 0}
    - target: {fileID: 964893305812648772, guid: 81dfc93db105d423a88d3720686bab8f,
        type: 3}
      propertyPath: m_Enabled
      value: 0
      objectReference: {fileID: 0}
    - target: {fileID: 1413399775708702073, guid: 81dfc93db105d423a88d3720686bab8f,
        type: 3}
      propertyPath: m_StaticEditorFlags
      value: 16
      objectReference: {fileID: 0}
    - target: {fileID: 1633495087545195496, guid: 81dfc93db105d423a88d3720686bab8f,
        type: 3}
      propertyPath: m_Mesh
      value: 
      objectReference: {fileID: 0}
    - target: {fileID: 2628077663677091691, guid: 81dfc93db105d423a88d3720686bab8f,
        type: 3}
      propertyPath: m_StaticEditorFlags
      value: 16
      objectReference: {fileID: 0}
    - target: {fileID: 2962372983677057738, guid: 81dfc93db105d423a88d3720686bab8f,
        type: 3}
      propertyPath: m_StaticEditorFlags
      value: 16
      objectReference: {fileID: 0}
    - target: {fileID: 3033079184672290736, guid: 81dfc93db105d423a88d3720686bab8f,
        type: 3}
      propertyPath: m_Mesh
      value: 
      objectReference: {fileID: 0}
    - target: {fileID: 3033079184672290736, guid: 81dfc93db105d423a88d3720686bab8f,
        type: 3}
      propertyPath: m_Textures0.Array.data[1].x
      value: 0.20000002
      objectReference: {fileID: 0}
    - target: {fileID: 3033079184672290736, guid: 81dfc93db105d423a88d3720686bab8f,
        type: 3}
      propertyPath: m_Textures0.Array.data[2].x
      value: 0.1
      objectReference: {fileID: 0}
    - target: {fileID: 3033079184672290736, guid: 81dfc93db105d423a88d3720686bab8f,
        type: 3}
      propertyPath: m_Textures0.Array.data[6].y
      value: -0.056694675
      objectReference: {fileID: 0}
    - target: {fileID: 3033079184672290736, guid: 81dfc93db105d423a88d3720686bab8f,
        type: 3}
      propertyPath: m_Textures0.Array.data[7].y
      value: -0.056694675
      objectReference: {fileID: 0}
    - target: {fileID: 3033079184672290736, guid: 81dfc93db105d423a88d3720686bab8f,
        type: 3}
      propertyPath: m_Textures0.Array.data[18].y
      value: -0.11338932
      objectReference: {fileID: 0}
    - target: {fileID: 3033079184672290736, guid: 81dfc93db105d423a88d3720686bab8f,
        type: 3}
      propertyPath: m_Textures0.Array.data[19].y
      value: -0.11338932
      objectReference: {fileID: 0}
    - target: {fileID: 3033079184672290736, guid: 81dfc93db105d423a88d3720686bab8f,
        type: 3}
      propertyPath: m_Textures0.Array.data[20].y
      value: 0.41576093
      objectReference: {fileID: 0}
    - target: {fileID: 3033079184672290736, guid: 81dfc93db105d423a88d3720686bab8f,
        type: 3}
      propertyPath: m_Textures0.Array.data[24].y
      value: -0.05669468
      objectReference: {fileID: 0}
    - target: {fileID: 3033079184672290736, guid: 81dfc93db105d423a88d3720686bab8f,
        type: 3}
      propertyPath: m_Textures0.Array.data[25].y
      value: -0.05669468
      objectReference: {fileID: 0}
    - target: {fileID: 3285622367473433925, guid: 81dfc93db105d423a88d3720686bab8f,
        type: 3}
      propertyPath: mute
      value: 1
      objectReference: {fileID: 0}
    - target: {fileID: 3285622367473433925, guid: 81dfc93db105d423a88d3720686bab8f,
        type: 3}
      propertyPath: pullBuildupTime
      value: 1
      objectReference: {fileID: 0}
    - target: {fileID: 3285622367473433946, guid: 81dfc93db105d423a88d3720686bab8f,
        type: 3}
      propertyPath: m_StaticEditorFlags
      value: 16
      objectReference: {fileID: 0}
    - target: {fileID: 3285622368633339713, guid: 81dfc93db105d423a88d3720686bab8f,
        type: 3}
      propertyPath: m_IsKinematic
      value: 1
      objectReference: {fileID: 0}
    - target: {fileID: 3575290812530895269, guid: 81dfc93db105d423a88d3720686bab8f,
        type: 3}
      propertyPath: m_StaticEditorFlags
      value: 16
      objectReference: {fileID: 0}
    - target: {fileID: 3627833075643413203, guid: 81dfc93db105d423a88d3720686bab8f,
        type: 3}
      propertyPath: m_Mesh
      value: 
      objectReference: {fileID: 0}
    - target: {fileID: 3627833075643413203, guid: 81dfc93db105d423a88d3720686bab8f,
        type: 3}
      propertyPath: m_Textures0.Array.data[1].x
      value: 0.20000002
      objectReference: {fileID: 0}
    - target: {fileID: 3627833075643413203, guid: 81dfc93db105d423a88d3720686bab8f,
        type: 3}
      propertyPath: m_Textures0.Array.data[2].x
      value: 0.1
      objectReference: {fileID: 0}
    - target: {fileID: 3627833075643413203, guid: 81dfc93db105d423a88d3720686bab8f,
        type: 3}
      propertyPath: m_Textures0.Array.data[6].y
      value: -0.056694675
      objectReference: {fileID: 0}
    - target: {fileID: 3627833075643413203, guid: 81dfc93db105d423a88d3720686bab8f,
        type: 3}
      propertyPath: m_Textures0.Array.data[7].y
      value: -0.056694675
      objectReference: {fileID: 0}
    - target: {fileID: 3627833075643413203, guid: 81dfc93db105d423a88d3720686bab8f,
        type: 3}
      propertyPath: m_Textures0.Array.data[18].y
      value: -0.11338932
      objectReference: {fileID: 0}
    - target: {fileID: 3627833075643413203, guid: 81dfc93db105d423a88d3720686bab8f,
        type: 3}
      propertyPath: m_Textures0.Array.data[19].y
      value: -0.11338932
      objectReference: {fileID: 0}
    - target: {fileID: 3627833075643413203, guid: 81dfc93db105d423a88d3720686bab8f,
        type: 3}
      propertyPath: m_Textures0.Array.data[20].y
      value: 0.41576093
      objectReference: {fileID: 0}
    - target: {fileID: 3627833075643413203, guid: 81dfc93db105d423a88d3720686bab8f,
        type: 3}
      propertyPath: m_Textures0.Array.data[24].y
      value: -0.05669468
      objectReference: {fileID: 0}
    - target: {fileID: 3627833075643413203, guid: 81dfc93db105d423a88d3720686bab8f,
        type: 3}
      propertyPath: m_Textures0.Array.data[25].y
      value: -0.05669468
      objectReference: {fileID: 0}
    - target: {fileID: 4076416284774942774, guid: 81dfc93db105d423a88d3720686bab8f,
        type: 3}
      propertyPath: m_StaticEditorFlags
      value: 16
      objectReference: {fileID: 0}
    - target: {fileID: 4717044818166864409, guid: 81dfc93db105d423a88d3720686bab8f,
        type: 3}
      propertyPath: m_StaticEditorFlags
      value: 16
      objectReference: {fileID: 0}
    - target: {fileID: 5165723615734394257, guid: 81dfc93db105d423a88d3720686bab8f,
        type: 3}
      propertyPath: m_Mesh
      value: 
      objectReference: {fileID: 0}
    - target: {fileID: 5165723615734394257, guid: 81dfc93db105d423a88d3720686bab8f,
        type: 3}
      propertyPath: m_Textures0.Array.data[1].x
      value: 0.20000002
      objectReference: {fileID: 0}
    - target: {fileID: 5165723615734394257, guid: 81dfc93db105d423a88d3720686bab8f,
        type: 3}
      propertyPath: m_Textures0.Array.data[2].x
      value: 0.1
      objectReference: {fileID: 0}
    - target: {fileID: 5165723615734394257, guid: 81dfc93db105d423a88d3720686bab8f,
        type: 3}
      propertyPath: m_Textures0.Array.data[6].y
      value: -0.056694675
      objectReference: {fileID: 0}
    - target: {fileID: 5165723615734394257, guid: 81dfc93db105d423a88d3720686bab8f,
        type: 3}
      propertyPath: m_Textures0.Array.data[7].y
      value: -0.056694675
      objectReference: {fileID: 0}
    - target: {fileID: 5165723615734394257, guid: 81dfc93db105d423a88d3720686bab8f,
        type: 3}
      propertyPath: m_Textures0.Array.data[18].y
      value: -0.11338932
      objectReference: {fileID: 0}
    - target: {fileID: 5165723615734394257, guid: 81dfc93db105d423a88d3720686bab8f,
        type: 3}
      propertyPath: m_Textures0.Array.data[19].y
      value: -0.11338932
      objectReference: {fileID: 0}
    - target: {fileID: 5165723615734394257, guid: 81dfc93db105d423a88d3720686bab8f,
        type: 3}
      propertyPath: m_Textures0.Array.data[20].y
      value: 0.41576093
      objectReference: {fileID: 0}
    - target: {fileID: 5165723615734394257, guid: 81dfc93db105d423a88d3720686bab8f,
        type: 3}
      propertyPath: m_Textures0.Array.data[24].y
      value: -0.05669468
      objectReference: {fileID: 0}
    - target: {fileID: 5165723615734394257, guid: 81dfc93db105d423a88d3720686bab8f,
        type: 3}
      propertyPath: m_Textures0.Array.data[25].y
      value: -0.05669468
      objectReference: {fileID: 0}
    - target: {fileID: 5449408013290755481, guid: 81dfc93db105d423a88d3720686bab8f,
        type: 3}
      propertyPath: m_StaticEditorFlags
      value: 16
      objectReference: {fileID: 0}
    - target: {fileID: 5742779908578301066, guid: 81dfc93db105d423a88d3720686bab8f,
        type: 3}
      propertyPath: m_Mesh
      value: 
      objectReference: {fileID: 0}
    - target: {fileID: 5742779908578301066, guid: 81dfc93db105d423a88d3720686bab8f,
        type: 3}
      propertyPath: m_Textures0.Array.data[1].x
      value: 0.20000002
      objectReference: {fileID: 0}
    - target: {fileID: 5742779908578301066, guid: 81dfc93db105d423a88d3720686bab8f,
        type: 3}
      propertyPath: m_Textures0.Array.data[2].x
      value: 0.1
      objectReference: {fileID: 0}
    - target: {fileID: 5742779908578301066, guid: 81dfc93db105d423a88d3720686bab8f,
        type: 3}
      propertyPath: m_Textures0.Array.data[6].y
      value: -0.056694675
      objectReference: {fileID: 0}
    - target: {fileID: 5742779908578301066, guid: 81dfc93db105d423a88d3720686bab8f,
        type: 3}
      propertyPath: m_Textures0.Array.data[7].y
      value: -0.056694675
      objectReference: {fileID: 0}
    - target: {fileID: 5742779908578301066, guid: 81dfc93db105d423a88d3720686bab8f,
        type: 3}
      propertyPath: m_Textures0.Array.data[18].y
      value: -0.11338932
      objectReference: {fileID: 0}
    - target: {fileID: 5742779908578301066, guid: 81dfc93db105d423a88d3720686bab8f,
        type: 3}
      propertyPath: m_Textures0.Array.data[19].y
      value: -0.11338932
      objectReference: {fileID: 0}
    - target: {fileID: 5742779908578301066, guid: 81dfc93db105d423a88d3720686bab8f,
        type: 3}
      propertyPath: m_Textures0.Array.data[20].y
      value: 0.41576093
      objectReference: {fileID: 0}
    - target: {fileID: 5742779908578301066, guid: 81dfc93db105d423a88d3720686bab8f,
        type: 3}
      propertyPath: m_Textures0.Array.data[24].y
      value: -0.05669468
      objectReference: {fileID: 0}
    - target: {fileID: 5742779908578301066, guid: 81dfc93db105d423a88d3720686bab8f,
        type: 3}
      propertyPath: m_Textures0.Array.data[25].y
      value: -0.05669468
      objectReference: {fileID: 0}
    - target: {fileID: 5920285571840149885, guid: 81dfc93db105d423a88d3720686bab8f,
        type: 3}
      propertyPath: m_Mesh
      value: 
      objectReference: {fileID: 0}
    - target: {fileID: 5920285571840149885, guid: 81dfc93db105d423a88d3720686bab8f,
        type: 3}
      propertyPath: m_Textures0.Array.data[40].x
      value: -0.7778176
      objectReference: {fileID: 0}
    - target: {fileID: 5920285571840149885, guid: 81dfc93db105d423a88d3720686bab8f,
        type: 3}
      propertyPath: m_Textures0.Array.data[41].x
      value: -0.7778176
      objectReference: {fileID: 0}
    - target: {fileID: 5920285571840149885, guid: 81dfc93db105d423a88d3720686bab8f,
        type: 3}
      propertyPath: m_Textures0.Array.data[42].x
      value: -0.6363962
      objectReference: {fileID: 0}
    - target: {fileID: 5920285571840149885, guid: 81dfc93db105d423a88d3720686bab8f,
        type: 3}
      propertyPath: m_Textures0.Array.data[43].x
      value: -0.6363962
      objectReference: {fileID: 0}
    - target: {fileID: 5920285571840149885, guid: 81dfc93db105d423a88d3720686bab8f,
        type: 3}
      propertyPath: m_Textures0.Array.data[48].x
      value: 0.7778176
      objectReference: {fileID: 0}
    - target: {fileID: 5920285571840149885, guid: 81dfc93db105d423a88d3720686bab8f,
        type: 3}
      propertyPath: m_Textures0.Array.data[49].x
      value: 0.7778176
      objectReference: {fileID: 0}
    - target: {fileID: 5920285571840149885, guid: 81dfc93db105d423a88d3720686bab8f,
        type: 3}
      propertyPath: m_Textures0.Array.data[50].x
      value: 0.6363962
      objectReference: {fileID: 0}
    - target: {fileID: 5920285571840149885, guid: 81dfc93db105d423a88d3720686bab8f,
        type: 3}
      propertyPath: m_Textures0.Array.data[51].x
      value: 0.6363962
      objectReference: {fileID: 0}
    - target: {fileID: 5920285571840149885, guid: 81dfc93db105d423a88d3720686bab8f,
        type: 3}
      propertyPath: m_Textures0.Array.data[64].x
      value: 0.7778176
      objectReference: {fileID: 0}
    - target: {fileID: 5920285571840149885, guid: 81dfc93db105d423a88d3720686bab8f,
        type: 3}
      propertyPath: m_Textures0.Array.data[65].x
      value: 0.7778176
      objectReference: {fileID: 0}
    - target: {fileID: 5920285571840149885, guid: 81dfc93db105d423a88d3720686bab8f,
        type: 3}
      propertyPath: m_Textures0.Array.data[66].x
      value: 0.6363962
      objectReference: {fileID: 0}
    - target: {fileID: 5920285571840149885, guid: 81dfc93db105d423a88d3720686bab8f,
        type: 3}
      propertyPath: m_Textures0.Array.data[67].x
      value: 0.6363962
      objectReference: {fileID: 0}
    - target: {fileID: 5920285571840149885, guid: 81dfc93db105d423a88d3720686bab8f,
        type: 3}
      propertyPath: m_Textures0.Array.data[68].x
      value: -0.7778176
      objectReference: {fileID: 0}
    - target: {fileID: 5920285571840149885, guid: 81dfc93db105d423a88d3720686bab8f,
        type: 3}
      propertyPath: m_Textures0.Array.data[69].x
      value: -0.7778176
      objectReference: {fileID: 0}
    - target: {fileID: 5920285571840149885, guid: 81dfc93db105d423a88d3720686bab8f,
        type: 3}
      propertyPath: m_Textures0.Array.data[70].x
      value: -0.6363962
      objectReference: {fileID: 0}
    - target: {fileID: 5920285571840149885, guid: 81dfc93db105d423a88d3720686bab8f,
        type: 3}
      propertyPath: m_Textures0.Array.data[71].x
      value: -0.6363962
      objectReference: {fileID: 0}
    - target: {fileID: 6265349592293603198, guid: 81dfc93db105d423a88d3720686bab8f,
        type: 3}
      propertyPath: m_StaticEditorFlags
      value: 16
      objectReference: {fileID: 0}
    - target: {fileID: 6643431371076817526, guid: 81dfc93db105d423a88d3720686bab8f,
        type: 3}
      propertyPath: m_RootOrder
      value: 2
      objectReference: {fileID: 0}
    - target: {fileID: 6643431371076817526, guid: 81dfc93db105d423a88d3720686bab8f,
        type: 3}
      propertyPath: m_LocalPosition.x
      value: 0.03311729
      objectReference: {fileID: 0}
    - target: {fileID: 6643431371076817526, guid: 81dfc93db105d423a88d3720686bab8f,
        type: 3}
      propertyPath: m_LocalPosition.y
      value: -0.16834095
      objectReference: {fileID: 0}
    - target: {fileID: 6643431371076817526, guid: 81dfc93db105d423a88d3720686bab8f,
        type: 3}
      propertyPath: m_LocalPosition.z
      value: -0.415163
      objectReference: {fileID: 0}
    - target: {fileID: 6643431371076817526, guid: 81dfc93db105d423a88d3720686bab8f,
        type: 3}
      propertyPath: m_LocalRotation.w
      value: 1
      objectReference: {fileID: 0}
    - target: {fileID: 6643431371076817526, guid: 81dfc93db105d423a88d3720686bab8f,
        type: 3}
      propertyPath: m_LocalRotation.x
      value: -0
      objectReference: {fileID: 0}
    - target: {fileID: 6643431371076817526, guid: 81dfc93db105d423a88d3720686bab8f,
        type: 3}
      propertyPath: m_LocalRotation.y
      value: -0
      objectReference: {fileID: 0}
    - target: {fileID: 6643431371076817526, guid: 81dfc93db105d423a88d3720686bab8f,
        type: 3}
      propertyPath: m_LocalRotation.z
      value: -0
      objectReference: {fileID: 0}
    - target: {fileID: 6643431371076817526, guid: 81dfc93db105d423a88d3720686bab8f,
        type: 3}
      propertyPath: m_LocalEulerAnglesHint.x
      value: 0
      objectReference: {fileID: 0}
    - target: {fileID: 6643431371076817526, guid: 81dfc93db105d423a88d3720686bab8f,
        type: 3}
      propertyPath: m_LocalEulerAnglesHint.y
      value: 0
      objectReference: {fileID: 0}
    - target: {fileID: 6643431371076817526, guid: 81dfc93db105d423a88d3720686bab8f,
        type: 3}
      propertyPath: m_LocalEulerAnglesHint.z
      value: 0
      objectReference: {fileID: 0}
    - target: {fileID: 7459757605006630140, guid: 81dfc93db105d423a88d3720686bab8f,
        type: 3}
      propertyPath: m_Mesh
      value: 
      objectReference: {fileID: 0}
    - target: {fileID: 7459757605006630140, guid: 81dfc93db105d423a88d3720686bab8f,
        type: 3}
      propertyPath: m_Textures0.Array.data[1].x
      value: 0.20000002
      objectReference: {fileID: 0}
    - target: {fileID: 7459757605006630140, guid: 81dfc93db105d423a88d3720686bab8f,
        type: 3}
      propertyPath: m_Textures0.Array.data[2].x
      value: 0.1
      objectReference: {fileID: 0}
    - target: {fileID: 7459757605006630140, guid: 81dfc93db105d423a88d3720686bab8f,
        type: 3}
      propertyPath: m_Textures0.Array.data[6].y
      value: -0.056694675
      objectReference: {fileID: 0}
    - target: {fileID: 7459757605006630140, guid: 81dfc93db105d423a88d3720686bab8f,
        type: 3}
      propertyPath: m_Textures0.Array.data[7].y
      value: -0.056694675
      objectReference: {fileID: 0}
    - target: {fileID: 7459757605006630140, guid: 81dfc93db105d423a88d3720686bab8f,
        type: 3}
      propertyPath: m_Textures0.Array.data[18].y
      value: -0.11338932
      objectReference: {fileID: 0}
    - target: {fileID: 7459757605006630140, guid: 81dfc93db105d423a88d3720686bab8f,
        type: 3}
      propertyPath: m_Textures0.Array.data[19].y
      value: -0.11338932
      objectReference: {fileID: 0}
    - target: {fileID: 7459757605006630140, guid: 81dfc93db105d423a88d3720686bab8f,
        type: 3}
      propertyPath: m_Textures0.Array.data[20].y
      value: 0.41576093
      objectReference: {fileID: 0}
    - target: {fileID: 7459757605006630140, guid: 81dfc93db105d423a88d3720686bab8f,
        type: 3}
      propertyPath: m_Textures0.Array.data[24].y
      value: -0.05669468
      objectReference: {fileID: 0}
    - target: {fileID: 7459757605006630140, guid: 81dfc93db105d423a88d3720686bab8f,
        type: 3}
      propertyPath: m_Textures0.Array.data[25].y
      value: -0.05669468
      objectReference: {fileID: 0}
    - target: {fileID: 7536178901445784819, guid: 81dfc93db105d423a88d3720686bab8f,
        type: 3}
      propertyPath: enemy
      value: 
      objectReference: {fileID: 5939767237829301562}
    - target: {fileID: 7536178901445784819, guid: 81dfc93db105d423a88d3720686bab8f,
        type: 3}
      propertyPath: rigid
      value: 
      objectReference: {fileID: 802290917603333578}
    - target: {fileID: 7536178901445784819, guid: 81dfc93db105d423a88d3720686bab8f,
        type: 3}
      propertyPath: entityTime
      value: 
      objectReference: {fileID: 5194923044641827437}
    - target: {fileID: 7536178901445784819, guid: 81dfc93db105d423a88d3720686bab8f,
        type: 3}
      propertyPath: knockbackVulnerability
      value: 0.3
      objectReference: {fileID: 0}
    - target: {fileID: 7576128210971830205, guid: 81dfc93db105d423a88d3720686bab8f,
        type: 3}
      propertyPath: m_StaticEditorFlags
      value: 16
      objectReference: {fileID: 0}
    - target: {fileID: 8224612857934222423, guid: 81dfc93db105d423a88d3720686bab8f,
        type: 3}
      propertyPath: m_StaticEditorFlags
      value: 16
      objectReference: {fileID: 0}
    - target: {fileID: 8271950738420475411, guid: 81dfc93db105d423a88d3720686bab8f,
        type: 3}
      propertyPath: m_Name
      value: Big Crustacean Shell
      objectReference: {fileID: 0}
    - target: {fileID: 8271950738420475411, guid: 81dfc93db105d423a88d3720686bab8f,
        type: 3}
      propertyPath: m_StaticEditorFlags
      value: 16
      objectReference: {fileID: 0}
    - target: {fileID: 8419931081467461374, guid: 81dfc93db105d423a88d3720686bab8f,
        type: 3}
      propertyPath: m_Mesh
      value: 
      objectReference: {fileID: 0}
    - target: {fileID: 8419931081467461374, guid: 81dfc93db105d423a88d3720686bab8f,
        type: 3}
      propertyPath: m_Textures0.Array.data[1].x
      value: 0.20000002
      objectReference: {fileID: 0}
    - target: {fileID: 8419931081467461374, guid: 81dfc93db105d423a88d3720686bab8f,
        type: 3}
      propertyPath: m_Textures0.Array.data[2].x
      value: 0.1
      objectReference: {fileID: 0}
    - target: {fileID: 8419931081467461374, guid: 81dfc93db105d423a88d3720686bab8f,
        type: 3}
      propertyPath: m_Textures0.Array.data[6].y
      value: -0.056694675
      objectReference: {fileID: 0}
    - target: {fileID: 8419931081467461374, guid: 81dfc93db105d423a88d3720686bab8f,
        type: 3}
      propertyPath: m_Textures0.Array.data[7].y
      value: -0.056694675
      objectReference: {fileID: 0}
    - target: {fileID: 8419931081467461374, guid: 81dfc93db105d423a88d3720686bab8f,
        type: 3}
      propertyPath: m_Textures0.Array.data[18].y
      value: -0.11338932
      objectReference: {fileID: 0}
    - target: {fileID: 8419931081467461374, guid: 81dfc93db105d423a88d3720686bab8f,
        type: 3}
      propertyPath: m_Textures0.Array.data[19].y
      value: -0.11338932
      objectReference: {fileID: 0}
    - target: {fileID: 8419931081467461374, guid: 81dfc93db105d423a88d3720686bab8f,
        type: 3}
      propertyPath: m_Textures0.Array.data[20].y
      value: 0.41576093
      objectReference: {fileID: 0}
    - target: {fileID: 8419931081467461374, guid: 81dfc93db105d423a88d3720686bab8f,
        type: 3}
      propertyPath: m_Textures0.Array.data[24].y
      value: -0.05669468
      objectReference: {fileID: 0}
    - target: {fileID: 8419931081467461374, guid: 81dfc93db105d423a88d3720686bab8f,
        type: 3}
      propertyPath: m_Textures0.Array.data[25].y
      value: -0.05669468
      objectReference: {fileID: 0}
    - target: {fileID: 8442004225680483475, guid: 81dfc93db105d423a88d3720686bab8f,
        type: 3}
      propertyPath: m_Mesh
      value: 
      objectReference: {fileID: 0}
    - target: {fileID: 8442004225680483475, guid: 81dfc93db105d423a88d3720686bab8f,
        type: 3}
      propertyPath: m_Textures0.Array.data[1].x
      value: 0.20000002
      objectReference: {fileID: 0}
    - target: {fileID: 8442004225680483475, guid: 81dfc93db105d423a88d3720686bab8f,
        type: 3}
      propertyPath: m_Textures0.Array.data[2].x
      value: 0.1
      objectReference: {fileID: 0}
    - target: {fileID: 8442004225680483475, guid: 81dfc93db105d423a88d3720686bab8f,
        type: 3}
      propertyPath: m_Textures0.Array.data[6].y
      value: -0.056694675
      objectReference: {fileID: 0}
    - target: {fileID: 8442004225680483475, guid: 81dfc93db105d423a88d3720686bab8f,
        type: 3}
      propertyPath: m_Textures0.Array.data[7].y
      value: -0.056694675
      objectReference: {fileID: 0}
    - target: {fileID: 8442004225680483475, guid: 81dfc93db105d423a88d3720686bab8f,
        type: 3}
      propertyPath: m_Textures0.Array.data[18].y
      value: -0.11338932
      objectReference: {fileID: 0}
    - target: {fileID: 8442004225680483475, guid: 81dfc93db105d423a88d3720686bab8f,
        type: 3}
      propertyPath: m_Textures0.Array.data[19].y
      value: -0.11338932
      objectReference: {fileID: 0}
    - target: {fileID: 8442004225680483475, guid: 81dfc93db105d423a88d3720686bab8f,
        type: 3}
      propertyPath: m_Textures0.Array.data[20].y
      value: 0.41576093
      objectReference: {fileID: 0}
    - target: {fileID: 8442004225680483475, guid: 81dfc93db105d423a88d3720686bab8f,
        type: 3}
      propertyPath: m_Textures0.Array.data[24].y
      value: -0.05669468
      objectReference: {fileID: 0}
    - target: {fileID: 8442004225680483475, guid: 81dfc93db105d423a88d3720686bab8f,
        type: 3}
      propertyPath: m_Textures0.Array.data[25].y
      value: -0.05669468
      objectReference: {fileID: 0}
    - target: {fileID: 8453460420944262152, guid: 81dfc93db105d423a88d3720686bab8f,
        type: 3}
      propertyPath: m_Mesh
      value: 
      objectReference: {fileID: 0}
    - target: {fileID: 8453460420944262152, guid: 81dfc93db105d423a88d3720686bab8f,
        type: 3}
      propertyPath: m_Tangents.Array.data[79].z
      value: 0.5770626
      objectReference: {fileID: 0}
    - target: {fileID: 8453460420944262152, guid: 81dfc93db105d423a88d3720686bab8f,
        type: 3}
      propertyPath: m_Tangents.Array.data[83].z
      value: -0.5770626
      objectReference: {fileID: 0}
    - target: {fileID: 8453460420944262152, guid: 81dfc93db105d423a88d3720686bab8f,
        type: 3}
      propertyPath: m_Tangents.Array.data[96].z
      value: -0.08896675
      objectReference: {fileID: 0}
    - target: {fileID: 8453460420944262152, guid: 81dfc93db105d423a88d3720686bab8f,
        type: 3}
      propertyPath: m_Tangents.Array.data[97].y
      value: 0.00006884614
      objectReference: {fileID: 0}
    - target: {fileID: 8453460420944262152, guid: 81dfc93db105d423a88d3720686bab8f,
        type: 3}
      propertyPath: m_Tangents.Array.data[98].y
      value: 0.00006884614
      objectReference: {fileID: 0}
    - target: {fileID: 8453460420944262152, guid: 81dfc93db105d423a88d3720686bab8f,
        type: 3}
      propertyPath: m_Tangents.Array.data[99].x
      value: 0.9959227
      objectReference: {fileID: 0}
    - target: {fileID: 8453460420944262152, guid: 81dfc93db105d423a88d3720686bab8f,
        type: 3}
      propertyPath: m_Tangents.Array.data[99].y
      value: 0.00013770552
      objectReference: {fileID: 0}
    - target: {fileID: 8453460420944262152, guid: 81dfc93db105d423a88d3720686bab8f,
        type: 3}
      propertyPath: m_Tangents.Array.data[99].z
      value: -0.09021079
      objectReference: {fileID: 0}
    - target: {fileID: 8453460420944262152, guid: 81dfc93db105d423a88d3720686bab8f,
        type: 3}
      propertyPath: m_Tangents.Array.data[104].y
      value: -0.0000000030488243
      objectReference: {fileID: 0}
    - target: {fileID: 8453460420944262152, guid: 81dfc93db105d423a88d3720686bab8f,
        type: 3}
      propertyPath: m_Tangents.Array.data[104].z
      value: -0.12256374
      objectReference: {fileID: 0}
    - target: {fileID: 8453460420944262152, guid: 81dfc93db105d423a88d3720686bab8f,
        type: 3}
      propertyPath: m_Tangents.Array.data[105].y
      value: 0.000000012639935
      objectReference: {fileID: 0}
    - target: {fileID: 8453460420944262152, guid: 81dfc93db105d423a88d3720686bab8f,
        type: 3}
      propertyPath: m_Tangents.Array.data[106].y
      value: 0.000000012639935
      objectReference: {fileID: 0}
    - target: {fileID: 8453460420944262152, guid: 81dfc93db105d423a88d3720686bab8f,
        type: 3}
      propertyPath: m_Tangents.Array.data[107].x
      value: 0.9924606
      objectReference: {fileID: 0}
    - target: {fileID: 8453460420944262152, guid: 81dfc93db105d423a88d3720686bab8f,
        type: 3}
      propertyPath: m_Tangents.Array.data[107].y
      value: 0.000000026970943
      objectReference: {fileID: 0}
    - target: {fileID: 8453460420944262152, guid: 81dfc93db105d423a88d3720686bab8f,
        type: 3}
      propertyPath: m_Tangents.Array.data[109].z
      value: 0.20953245
      objectReference: {fileID: 0}
    - target: {fileID: 8453460420944262152, guid: 81dfc93db105d423a88d3720686bab8f,
        type: 3}
      propertyPath: m_Tangents.Array.data[110].z
      value: 0.20953245
      objectReference: {fileID: 0}
    - target: {fileID: 8453460420944262152, guid: 81dfc93db105d423a88d3720686bab8f,
        type: 3}
      propertyPath: m_Tangents.Array.data[113].z
      value: -0.20953245
      objectReference: {fileID: 0}
    - target: {fileID: 8453460420944262152, guid: 81dfc93db105d423a88d3720686bab8f,
        type: 3}
      propertyPath: m_Tangents.Array.data[114].z
      value: -0.20953245
      objectReference: {fileID: 0}
    - target: {fileID: 8453460420944262152, guid: 81dfc93db105d423a88d3720686bab8f,
        type: 3}
      propertyPath: m_Tangents.Array.data[128].y
      value: 0.00000029961032
      objectReference: {fileID: 0}
    - target: {fileID: 8453460420944262152, guid: 81dfc93db105d423a88d3720686bab8f,
        type: 3}
      propertyPath: m_Tangents.Array.data[129].y
      value: -0.0000036863898
      objectReference: {fileID: 0}
    - target: {fileID: 8453460420944262152, guid: 81dfc93db105d423a88d3720686bab8f,
        type: 3}
      propertyPath: m_Tangents.Array.data[130].y
      value: -0.0000036863898
      objectReference: {fileID: 0}
    - target: {fileID: 8453460420944262152, guid: 81dfc93db105d423a88d3720686bab8f,
        type: 3}
      propertyPath: m_Tangents.Array.data[131].y
      value: -0.0000076723645
      objectReference: {fileID: 0}
    - target: {fileID: 8453460420944262152, guid: 81dfc93db105d423a88d3720686bab8f,
        type: 3}
      propertyPath: m_Tangents.Array.data[160].y
      value: -0.00000014270518
      objectReference: {fileID: 0}
    - target: {fileID: 8453460420944262152, guid: 81dfc93db105d423a88d3720686bab8f,
        type: 3}
      propertyPath: m_Tangents.Array.data[160].z
      value: -0.31188118
      objectReference: {fileID: 0}
    - target: {fileID: 8453460420944262152, guid: 81dfc93db105d423a88d3720686bab8f,
        type: 3}
      propertyPath: m_Tangents.Array.data[161].y
      value: 0.00042845798
      objectReference: {fileID: 0}
    - target: {fileID: 8453460420944262152, guid: 81dfc93db105d423a88d3720686bab8f,
        type: 3}
      propertyPath: m_Tangents.Array.data[162].y
      value: 0.00042845798
      objectReference: {fileID: 0}
    - target: {fileID: 8453460420944262152, guid: 81dfc93db105d423a88d3720686bab8f,
        type: 3}
      propertyPath: m_Tangents.Array.data[163].y
      value: 0.00085706054
      objectReference: {fileID: 0}
    - target: {fileID: 8453460420944262152, guid: 81dfc93db105d423a88d3720686bab8f,
        type: 3}
      propertyPath: m_Textures0.Array.data[98].x
      value: -0.12515807
      objectReference: {fileID: 0}
    - target: {fileID: 8453460420944262152, guid: 81dfc93db105d423a88d3720686bab8f,
        type: 3}
      propertyPath: m_Textures0.Array.data[98].y
      value: -0.046871766
      objectReference: {fileID: 0}
    - target: {fileID: 8453460420944262152, guid: 81dfc93db105d423a88d3720686bab8f,
        type: 3}
      propertyPath: m_Textures0.Array.data[99].y
      value: 0.04332526
      objectReference: {fileID: 0}
    - target: {fileID: 8453460420944262152, guid: 81dfc93db105d423a88d3720686bab8f,
        type: 3}
      propertyPath: m_Textures0.Array.data[104].y
      value: -0.58154833
      objectReference: {fileID: 0}
    - target: {fileID: 8453460420944262152, guid: 81dfc93db105d423a88d3720686bab8f,
        type: 3}
      propertyPath: m_Textures0.Array.data[107].y
      value: -0.21559636
      objectReference: {fileID: 0}
    - target: {fileID: 8453460420944262152, guid: 81dfc93db105d423a88d3720686bab8f,
        type: 3}
      propertyPath: m_Textures0.Array.data[108].x
      value: 0.43099847
      objectReference: {fileID: 0}
    - target: {fileID: 8453460420944262152, guid: 81dfc93db105d423a88d3720686bab8f,
        type: 3}
      propertyPath: m_Textures0.Array.data[109].x
      value: 0.43099847
      objectReference: {fileID: 0}
    - target: {fileID: 8453460420944262152, guid: 81dfc93db105d423a88d3720686bab8f,
        type: 3}
      propertyPath: m_Textures0.Array.data[110].x
      value: 0.099316835
      objectReference: {fileID: 0}
    - target: {fileID: 8453460420944262152, guid: 81dfc93db105d423a88d3720686bab8f,
        type: 3}
      propertyPath: m_Textures0.Array.data[111].x
      value: 0.099316835
      objectReference: {fileID: 0}
    - target: {fileID: 8453460420944262152, guid: 81dfc93db105d423a88d3720686bab8f,
        type: 3}
      propertyPath: m_Textures0.Array.data[112].x
      value: -0.43099847
      objectReference: {fileID: 0}
    - target: {fileID: 8453460420944262152, guid: 81dfc93db105d423a88d3720686bab8f,
        type: 3}
      propertyPath: m_Textures0.Array.data[113].x
      value: -0.43099847
      objectReference: {fileID: 0}
    - target: {fileID: 8453460420944262152, guid: 81dfc93db105d423a88d3720686bab8f,
        type: 3}
      propertyPath: m_Textures0.Array.data[114].x
      value: -0.099316835
      objectReference: {fileID: 0}
    - target: {fileID: 8453460420944262152, guid: 81dfc93db105d423a88d3720686bab8f,
        type: 3}
      propertyPath: m_Textures0.Array.data[115].x
      value: -0.099316835
      objectReference: {fileID: 0}
    - target: {fileID: 8453460420944262152, guid: 81dfc93db105d423a88d3720686bab8f,
        type: 3}
      propertyPath: m_Textures0.Array.data[129].x
      value: -0.47066402
      objectReference: {fileID: 0}
    - target: {fileID: 8453460420944262152, guid: 81dfc93db105d423a88d3720686bab8f,
        type: 3}
      propertyPath: m_Textures0.Array.data[131].x
      value: -0.419785
      objectReference: {fileID: 0}
    - target: {fileID: 8453460420944262152, guid: 81dfc93db105d423a88d3720686bab8f,
        type: 3}
      propertyPath: m_Textures0.Array.data[160].x
      value: -0.6899076
      objectReference: {fileID: 0}
    - target: {fileID: 8453460420944262152, guid: 81dfc93db105d423a88d3720686bab8f,
        type: 3}
      propertyPath: m_Textures0.Array.data[161].x
      value: -0.45106387
      objectReference: {fileID: 0}
    - target: {fileID: 8453460420944262152, guid: 81dfc93db105d423a88d3720686bab8f,
        type: 3}
      propertyPath: m_Textures0.Array.data[162].x
      value: -0.544979
      objectReference: {fileID: 0}
    - target: {fileID: 8453460420944262152, guid: 81dfc93db105d423a88d3720686bab8f,
        type: 3}
      propertyPath: m_Textures0.Array.data[163].x
      value: -0.35432625
      objectReference: {fileID: 0}
    - target: {fileID: 8453460420944262152, guid: 81dfc93db105d423a88d3720686bab8f,
        type: 3}
      propertyPath: m_Textures0.Array.data[164].y
      value: 0.9006639
      objectReference: {fileID: 0}
    - target: {fileID: 8453460420944262152, guid: 81dfc93db105d423a88d3720686bab8f,
        type: 3}
      propertyPath: m_Textures0.Array.data[165].y
      value: 0.9006639
      objectReference: {fileID: 0}
    - target: {fileID: 8592734756463179480, guid: 81dfc93db105d423a88d3720686bab8f,
        type: 3}
      propertyPath: m_StaticEditorFlags
      value: 16
      objectReference: {fileID: 0}
    - target: {fileID: 8901039880416410845, guid: 81dfc93db105d423a88d3720686bab8f,
        type: 3}
      propertyPath: m_Mesh
      value: 
      objectReference: {fileID: 0}
    - target: {fileID: 8934874491419409722, guid: 81dfc93db105d423a88d3720686bab8f,
        type: 3}
      propertyPath: m_Mesh
      value: 
      objectReference: {fileID: 0}
    - target: {fileID: 8934874491419409722, guid: 81dfc93db105d423a88d3720686bab8f,
        type: 3}
      propertyPath: m_Textures0.Array.data[1].x
      value: 0.20000002
      objectReference: {fileID: 0}
    - target: {fileID: 8934874491419409722, guid: 81dfc93db105d423a88d3720686bab8f,
        type: 3}
      propertyPath: m_Textures0.Array.data[2].x
      value: 0.1
      objectReference: {fileID: 0}
    - target: {fileID: 8934874491419409722, guid: 81dfc93db105d423a88d3720686bab8f,
        type: 3}
      propertyPath: m_Textures0.Array.data[6].y
      value: -0.056694675
      objectReference: {fileID: 0}
    - target: {fileID: 8934874491419409722, guid: 81dfc93db105d423a88d3720686bab8f,
        type: 3}
      propertyPath: m_Textures0.Array.data[7].y
      value: -0.056694675
      objectReference: {fileID: 0}
    - target: {fileID: 8934874491419409722, guid: 81dfc93db105d423a88d3720686bab8f,
        type: 3}
      propertyPath: m_Textures0.Array.data[18].y
      value: -0.11338932
      objectReference: {fileID: 0}
    - target: {fileID: 8934874491419409722, guid: 81dfc93db105d423a88d3720686bab8f,
        type: 3}
      propertyPath: m_Textures0.Array.data[19].y
      value: -0.11338932
      objectReference: {fileID: 0}
    - target: {fileID: 8934874491419409722, guid: 81dfc93db105d423a88d3720686bab8f,
        type: 3}
      propertyPath: m_Textures0.Array.data[20].y
      value: 0.41576093
      objectReference: {fileID: 0}
    - target: {fileID: 8934874491419409722, guid: 81dfc93db105d423a88d3720686bab8f,
        type: 3}
      propertyPath: m_Textures0.Array.data[24].y
      value: -0.05669468
      objectReference: {fileID: 0}
    - target: {fileID: 8934874491419409722, guid: 81dfc93db105d423a88d3720686bab8f,
        type: 3}
      propertyPath: m_Textures0.Array.data[25].y
      value: -0.05669468
      objectReference: {fileID: 0}
    m_RemovedComponents:
    - {fileID: 5656361376436096162, guid: 81dfc93db105d423a88d3720686bab8f, type: 3}
    - {fileID: 4452760994642583249, guid: 81dfc93db105d423a88d3720686bab8f, type: 3}
  m_SourcePrefab: {fileID: 100100000, guid: 81dfc93db105d423a88d3720686bab8f, type: 3}
--- !u!1 &6084767901156789400 stripped
GameObject:
  m_CorrespondingSourceObject: {fileID: 8271950738420475411, guid: 81dfc93db105d423a88d3720686bab8f,
    type: 3}
  m_PrefabInstance: {fileID: 2790735833373829771}
  m_PrefabAsset: {fileID: 0}
--- !u!4 &8829477315127490813 stripped
Transform:
  m_CorrespondingSourceObject: {fileID: 6643431371076817526, guid: 81dfc93db105d423a88d3720686bab8f,
    type: 3}
  m_PrefabInstance: {fileID: 2790735833373829771}
  m_PrefabAsset: {fileID: 0}
--- !u!23 &7382974111185687067 stripped
MeshRenderer:
  m_CorrespondingSourceObject: {fileID: 4670013607999944848, guid: 81dfc93db105d423a88d3720686bab8f,
    type: 3}
  m_PrefabInstance: {fileID: 2790735833373829771}
  m_PrefabAsset: {fileID: 0}
--- !u!64 &8841263539731499569 stripped
MeshCollider:
  m_CorrespondingSourceObject: {fileID: 6631784840309792954, guid: 81dfc93db105d423a88d3720686bab8f,
    type: 3}
  m_PrefabInstance: {fileID: 2790735833373829771}
  m_PrefabAsset: {fileID: 0}
--- !u!54 &802290917603333578 stripped
Rigidbody:
  m_CorrespondingSourceObject: {fileID: 3285622368633339713, guid: 81dfc93db105d423a88d3720686bab8f,
    type: 3}
  m_PrefabInstance: {fileID: 2790735833373829771}
  m_PrefabAsset: {fileID: 0}
--- !u!114 &5633807128885681784 stripped
MonoBehaviour:
  m_CorrespondingSourceObject: {fileID: 7536178901445784819, guid: 81dfc93db105d423a88d3720686bab8f,
    type: 3}
  m_PrefabInstance: {fileID: 2790735833373829771}
  m_PrefabAsset: {fileID: 0}
  m_GameObject: {fileID: 6084767901156789400}
  m_Enabled: 0
  m_EditorHideFlags: 0
  m_Script: {fileID: 11500000, guid: ed3b830c7fdaa6345ba3dfe7326fdd63, type: 3}
  m_Name: 
  m_EditorClassIdentifier: 
--- !u!114 &2269472209462247270 stripped
MonoBehaviour:
  m_CorrespondingSourceObject: {fileID: 4162565785428776429, guid: 81dfc93db105d423a88d3720686bab8f,
    type: 3}
  m_PrefabInstance: {fileID: 2790735833373829771}
  m_PrefabAsset: {fileID: 0}
  m_GameObject: {fileID: 6084767901156789400}
  m_Enabled: 0
  m_EditorHideFlags: 0
  m_Script: {fileID: 11500000, guid: 4de581c0912c24ac4afbf715108bf7b9, type: 3}
  m_Name: 
  m_EditorClassIdentifier: 
--- !u!114 &5194923044641827437 stripped
MonoBehaviour:
  m_CorrespondingSourceObject: {fileID: 7972142684048359654, guid: 81dfc93db105d423a88d3720686bab8f,
    type: 3}
  m_PrefabInstance: {fileID: 2790735833373829771}
  m_PrefabAsset: {fileID: 0}
  m_GameObject: {fileID: 6084767901156789400}
  m_Enabled: 1
  m_EditorHideFlags: 0
  m_Script: {fileID: 11500000, guid: 32d283f7ca1351d44b57f85ae3e5fcdd, type: 3}
  m_Name: 
  m_EditorClassIdentifier: 
--- !u!114 &3159646967495059919 stripped
MonoBehaviour:
  m_CorrespondingSourceObject: {fileID: 964893305812648772, guid: 81dfc93db105d423a88d3720686bab8f,
    type: 3}
  m_PrefabInstance: {fileID: 2790735833373829771}
  m_PrefabAsset: {fileID: 0}
  m_GameObject: {fileID: 6084767901156789400}
  m_Enabled: 0
  m_EditorHideFlags: 0
  m_Script: {fileID: 11500000, guid: 560112f876f5746c780eca0d404e7139, type: 3}
  m_Name: 
  m_EditorClassIdentifier: 
--- !u!114 &802290917723051982 stripped
MonoBehaviour:
  m_CorrespondingSourceObject: {fileID: 3285622367473433925, guid: 81dfc93db105d423a88d3720686bab8f,
    type: 3}
  m_PrefabInstance: {fileID: 2790735833373829771}
  m_PrefabAsset: {fileID: 0}
  m_GameObject: {fileID: 0}
  m_Enabled: 1
  m_EditorHideFlags: 0
  m_Script: {fileID: 11500000, guid: 4b9f6903563333e48a936c36c17e2de9, type: 3}
  m_Name: 
  m_EditorClassIdentifier: 
--- !u!135 &802290917723051983 stripped
SphereCollider:
  m_CorrespondingSourceObject: {fileID: 3285622367473433924, guid: 81dfc93db105d423a88d3720686bab8f,
    type: 3}
  m_PrefabInstance: {fileID: 2790735833373829771}
  m_PrefabAsset: {fileID: 0}
--- !u!23 &5948573288327082423 stripped
MeshRenderer:
  m_CorrespondingSourceObject: {fileID: 8374228654866012988, guid: 81dfc93db105d423a88d3720686bab8f,
    type: 3}
  m_PrefabInstance: {fileID: 2790735833373829771}
  m_PrefabAsset: {fileID: 0}
--- !u!23 &5944922812072072965 stripped
MeshRenderer:
  m_CorrespondingSourceObject: {fileID: 8375064424420965774, guid: 81dfc93db105d423a88d3720686bab8f,
    type: 3}
  m_PrefabInstance: {fileID: 2790735833373829771}
  m_PrefabAsset: {fileID: 0}
--- !u!23 &8416070518558635478 stripped
MeshRenderer:
  m_CorrespondingSourceObject: {fileID: 5940614043816451933, guid: 81dfc93db105d423a88d3720686bab8f,
    type: 3}
  m_PrefabInstance: {fileID: 2790735833373829771}
  m_PrefabAsset: {fileID: 0}
--- !u!23 &1137294631911775019 stripped
MeshRenderer:
  m_CorrespondingSourceObject: {fileID: 2986682622823641504, guid: 81dfc93db105d423a88d3720686bab8f,
    type: 3}
  m_PrefabInstance: {fileID: 2790735833373829771}
  m_PrefabAsset: {fileID: 0}
--- !u!23 &7099112940865924908 stripped
MeshRenderer:
  m_CorrespondingSourceObject: {fileID: 4917846058727523751, guid: 81dfc93db105d423a88d3720686bab8f,
    type: 3}
  m_PrefabInstance: {fileID: 2790735833373829771}
  m_PrefabAsset: {fileID: 0}
--- !u!23 &1747755842592021237 stripped
MeshRenderer:
  m_CorrespondingSourceObject: {fileID: 4538478170373681278, guid: 81dfc93db105d423a88d3720686bab8f,
    type: 3}
  m_PrefabInstance: {fileID: 2790735833373829771}
  m_PrefabAsset: {fileID: 0}
--- !u!23 &2389318117678540421 stripped
MeshRenderer:
  m_CorrespondingSourceObject: {fileID: 545568183756590094, guid: 81dfc93db105d423a88d3720686bab8f,
    type: 3}
  m_PrefabInstance: {fileID: 2790735833373829771}
  m_PrefabAsset: {fileID: 0}
--- !u!23 &7022366784812919361 stripped
MeshRenderer:
  m_CorrespondingSourceObject: {fileID: 5174312810480779466, guid: 81dfc93db105d423a88d3720686bab8f,
    type: 3}
  m_PrefabInstance: {fileID: 2790735833373829771}
  m_PrefabAsset: {fileID: 0}
--- !u!23 &2538969208216284678 stripped
MeshRenderer:
  m_CorrespondingSourceObject: {fileID: 398168888863458445, guid: 81dfc93db105d423a88d3720686bab8f,
    type: 3}
  m_PrefabInstance: {fileID: 2790735833373829771}
  m_PrefabAsset: {fileID: 0}
--- !u!23 &948091983394721151 stripped
MeshRenderer:
  m_CorrespondingSourceObject: {fileID: 3139822402361370612, guid: 81dfc93db105d423a88d3720686bab8f,
    type: 3}
  m_PrefabInstance: {fileID: 2790735833373829771}
  m_PrefabAsset: {fileID: 0}
--- !u!199 &7977340837820901200 stripped
ParticleSystemRenderer:
  m_CorrespondingSourceObject: {fileID: 5192538553849695707, guid: 81dfc93db105d423a88d3720686bab8f,
    type: 3}
  m_PrefabInstance: {fileID: 2790735833373829771}
  m_PrefabAsset: {fileID: 0}
--- !u!1001 &4186432792138789786
PrefabInstance:
  m_ObjectHideFlags: 0
  serializedVersion: 2
  m_Modification:
    m_TransformParent: {fileID: 0}
    m_Modifications:
    - target: {fileID: 1412461393, guid: 602ac6779ab0243b897db4c00a249f15, type: 3}
      propertyPath: pullBuildupTime
      value: 1
      objectReference: {fileID: 0}
    - target: {fileID: 1976150045, guid: 602ac6779ab0243b897db4c00a249f15, type: 3}
      propertyPath: shellRoot
      value: 
      objectReference: {fileID: 8829477315127490813}
    - target: {fileID: 1976150045, guid: 602ac6779ab0243b897db4c00a249f15, type: 3}
      propertyPath: shellRigidbody
      value: 
      objectReference: {fileID: 802290917603333578}
    - target: {fileID: 1976150045, guid: 602ac6779ab0243b897db4c00a249f15, type: 3}
      propertyPath: shellColliders.Array.size
      value: 2
      objectReference: {fileID: 0}
    - target: {fileID: 1976150045, guid: 602ac6779ab0243b897db4c00a249f15, type: 3}
      propertyPath: shellColliders.Array.data[0]
      value: 
      objectReference: {fileID: 8841263539731499569}
    - target: {fileID: 1976150045, guid: 602ac6779ab0243b897db4c00a249f15, type: 3}
      propertyPath: shellColliders.Array.data[1]
      value: 
      objectReference: {fileID: 802290917723051983}
    - target: {fileID: 1976150045, guid: 602ac6779ab0243b897db4c00a249f15, type: 3}
      propertyPath: onDetach.m_PersistentCalls.m_Calls.Array.size
      value: 8
      objectReference: {fileID: 0}
    - target: {fileID: 1976150045, guid: 602ac6779ab0243b897db4c00a249f15, type: 3}
      propertyPath: onDetach.m_PersistentCalls.m_Calls.Array.data[7].m_Mode
      value: 6
      objectReference: {fileID: 0}
    - target: {fileID: 1976150045, guid: 602ac6779ab0243b897db4c00a249f15, type: 3}
      propertyPath: onDetach.m_PersistentCalls.m_Calls.Array.data[0].m_Target
      value: 
      objectReference: {fileID: 5633807128885681784}
    - target: {fileID: 1976150045, guid: 602ac6779ab0243b897db4c00a249f15, type: 3}
      propertyPath: onDetach.m_PersistentCalls.m_Calls.Array.data[1].m_Target
      value: 
      objectReference: {fileID: 2269472209462247270}
    - target: {fileID: 1976150045, guid: 602ac6779ab0243b897db4c00a249f15, type: 3}
      propertyPath: onDetach.m_PersistentCalls.m_Calls.Array.data[7].m_Target
      value: 
      objectReference: {fileID: 3159646967495059919}
    - target: {fileID: 1976150045, guid: 602ac6779ab0243b897db4c00a249f15, type: 3}
      propertyPath: onDetach.m_PersistentCalls.m_Calls.Array.data[7].m_CallState
      value: 2
      objectReference: {fileID: 0}
    - target: {fileID: 1976150045, guid: 602ac6779ab0243b897db4c00a249f15, type: 3}
      propertyPath: onDetach.m_PersistentCalls.m_Calls.Array.data[0].m_MethodName
      value: SetVulnerability
      objectReference: {fileID: 0}
    - target: {fileID: 1976150045, guid: 602ac6779ab0243b897db4c00a249f15, type: 3}
      propertyPath: onDetach.m_PersistentCalls.m_Calls.Array.data[1].m_MethodName
      value: set_enabled
      objectReference: {fileID: 0}
    - target: {fileID: 1976150045, guid: 602ac6779ab0243b897db4c00a249f15, type: 3}
      propertyPath: onDetach.m_PersistentCalls.m_Calls.Array.data[7].m_MethodName
      value: set_enabled
      objectReference: {fileID: 0}
    - target: {fileID: 1976150045, guid: 602ac6779ab0243b897db4c00a249f15, type: 3}
      propertyPath: onDetach.m_PersistentCalls.m_Calls.Array.data[7].m_Arguments.m_BoolArgument
      value: 1
      objectReference: {fileID: 0}
    - target: {fileID: 1976150045, guid: 602ac6779ab0243b897db4c00a249f15, type: 3}
      propertyPath: onDetach.m_PersistentCalls.m_Calls.Array.data[7].m_Arguments.m_ObjectArgumentAssemblyTypeName
      value: UnityEngine.Object, UnityEngine
      objectReference: {fileID: 0}
    - target: {fileID: 513754475268331375, guid: 602ac6779ab0243b897db4c00a249f15,
        type: 3}
      propertyPath: m_Mesh
      value: 
      objectReference: {fileID: 0}
    - target: {fileID: 1077133149338165957, guid: 602ac6779ab0243b897db4c00a249f15,
        type: 3}
      propertyPath: m_Sprite
      value: 
      objectReference: {fileID: 21300200, guid: 7face7f020e72429492d689005b64b5a,
        type: 3}
    - target: {fileID: 1178791168780484801, guid: 602ac6779ab0243b897db4c00a249f15,
        type: 3}
      propertyPath: m_Mesh
      value: 
      objectReference: {fileID: 0}
    - target: {fileID: 1257491242328512012, guid: 602ac6779ab0243b897db4c00a249f15,
        type: 3}
      propertyPath: immunities.Array.size
      value: 0
      objectReference: {fileID: 0}
    - target: {fileID: 1257491242328512012, guid: 602ac6779ab0243b897db4c00a249f15,
        type: 3}
      propertyPath: immunities.Array.data[0]
      value: 2
      objectReference: {fileID: 0}
    - target: {fileID: 1562619213364569946, guid: 602ac6779ab0243b897db4c00a249f15,
        type: 3}
      propertyPath: m_Materials.Array.data[0]
      value: 
      objectReference: {fileID: 2100000, guid: 12741ca6689be44ffbf15c3341b9fa94, type: 2}
    - target: {fileID: 1613341780021263216, guid: 602ac6779ab0243b897db4c00a249f15,
        type: 3}
      propertyPath: m_Materials.Array.data[0]
      value: 
      objectReference: {fileID: 2100000, guid: 12741ca6689be44ffbf15c3341b9fa94, type: 2}
    - target: {fileID: 4465666631492590186, guid: 602ac6779ab0243b897db4c00a249f15,
        type: 3}
      propertyPath: m_Sprite
      value: 
      objectReference: {fileID: 21300200, guid: 7face7f020e72429492d689005b64b5a,
        type: 3}
    - target: {fileID: 4713380067018206684, guid: 602ac6779ab0243b897db4c00a249f15,
        type: 3}
      propertyPath: m_Materials.Array.data[0]
      value: 
      objectReference: {fileID: 2100000, guid: 36a3caf16ad684f70adcdec060296406, type: 2}
    - target: {fileID: 5570150510494124955, guid: 602ac6779ab0243b897db4c00a249f15,
        type: 3}
      propertyPath: m_Mesh
      value: 
      objectReference: {fileID: 0}
    - target: {fileID: 5810717138951802317, guid: 602ac6779ab0243b897db4c00a249f15,
        type: 3}
      propertyPath: m_Mesh
      value: 
      objectReference: {fileID: 0}
    - target: {fileID: 5963915692288726992, guid: 602ac6779ab0243b897db4c00a249f15,
        type: 3}
      propertyPath: m_Name
      value: Ground Shooting Crustacean - Spiky
      objectReference: {fileID: 0}
    - target: {fileID: 6397461488567613980, guid: 602ac6779ab0243b897db4c00a249f15,
        type: 3}
      propertyPath: m_Mesh
      value: 
      objectReference: {fileID: 0}
    - target: {fileID: 6582688659198815610, guid: 602ac6779ab0243b897db4c00a249f15,
        type: 3}
      propertyPath: onTug.m_PersistentCalls.m_Calls.Array.data[0].m_Target
      value: 
      objectReference: {fileID: 7902765775833333595}
    - target: {fileID: 6582688659198815610, guid: 602ac6779ab0243b897db4c00a249f15,
        type: 3}
      propertyPath: onTug.m_PersistentCalls.m_Calls.Array.data[0].m_MethodName
      value: PunchRotationZ
      objectReference: {fileID: 0}
    - target: {fileID: 6582688659198815610, guid: 602ac6779ab0243b897db4c00a249f15,
        type: 3}
      propertyPath: onFullChargeReached.m_PersistentCalls.m_Calls.Array.data[4].m_Mode
      value: 6
      objectReference: {fileID: 0}
    - target: {fileID: 6582688659198815610, guid: 602ac6779ab0243b897db4c00a249f15,
        type: 3}
      propertyPath: onFullChargeFailed.m_PersistentCalls.m_Calls.Array.data[0].m_Target
      value: 
      objectReference: {fileID: 7902765775833333595}
    - target: {fileID: 6582688659198815610, guid: 602ac6779ab0243b897db4c00a249f15,
        type: 3}
      propertyPath: onFullChargeReached.m_PersistentCalls.m_Calls.Array.data[4].m_Target
      value: 
      objectReference: {fileID: 1446966036568728610}
    - target: {fileID: 6582688659198815610, guid: 602ac6779ab0243b897db4c00a249f15,
        type: 3}
      propertyPath: onFullChargeReached.m_PersistentCalls.m_Calls.Array.data[5].m_Target
      value: 
      objectReference: {fileID: 5633807128885681784}
    - target: {fileID: 6582688659198815610, guid: 602ac6779ab0243b897db4c00a249f15,
        type: 3}
      propertyPath: onFullChargeFailed.m_PersistentCalls.m_Calls.Array.data[0].m_MethodName
      value: PunchRotationZ
      objectReference: {fileID: 0}
    - target: {fileID: 6582688659198815610, guid: 602ac6779ab0243b897db4c00a249f15,
        type: 3}
      propertyPath: onFullChargeReached.m_PersistentCalls.m_Calls.Array.data[4].m_MethodName
      value: SetMute
      objectReference: {fileID: 0}
    - target: {fileID: 6582688659198815610, guid: 602ac6779ab0243b897db4c00a249f15,
        type: 3}
      propertyPath: onFullChargeReached.m_PersistentCalls.m_Calls.Array.data[5].m_MethodName
      value: SetMute
      objectReference: {fileID: 0}
    - target: {fileID: 6868903660499347463, guid: 602ac6779ab0243b897db4c00a249f15,
        type: 3}
      propertyPath: m_IsActive
      value: 0
      objectReference: {fileID: 0}
    - target: {fileID: 7293911717182380501, guid: 602ac6779ab0243b897db4c00a249f15,
        type: 3}
      propertyPath: m_Materials.Array.data[0]
      value: 
      objectReference: {fileID: 2100000, guid: 36a3caf16ad684f70adcdec060296406, type: 2}
    - target: {fileID: 7447584829712370957, guid: 602ac6779ab0243b897db4c00a249f15,
        type: 3}
      propertyPath: m_Sprite
      value: 
      objectReference: {fileID: 21300198, guid: 7face7f020e72429492d689005b64b5a,
        type: 3}
    - target: {fileID: 7527617951032878752, guid: 602ac6779ab0243b897db4c00a249f15,
        type: 3}
      propertyPath: spriteSheetOriginals.Array.size
      value: 52
      objectReference: {fileID: 0}
    - target: {fileID: 7925063747441636212, guid: 602ac6779ab0243b897db4c00a249f15,
        type: 3}
      propertyPath: attackHitbox
      value: 
      objectReference: {fileID: 0}
    - target: {fileID: 8081149317597659457, guid: 602ac6779ab0243b897db4c00a249f15,
        type: 3}
      propertyPath: m_RootOrder
      value: 0
      objectReference: {fileID: 0}
    - target: {fileID: 8081149317597659457, guid: 602ac6779ab0243b897db4c00a249f15,
        type: 3}
      propertyPath: m_LocalPosition.x
      value: 0
      objectReference: {fileID: 0}
    - target: {fileID: 8081149317597659457, guid: 602ac6779ab0243b897db4c00a249f15,
        type: 3}
      propertyPath: m_LocalPosition.y
      value: 0
      objectReference: {fileID: 0}
    - target: {fileID: 8081149317597659457, guid: 602ac6779ab0243b897db4c00a249f15,
        type: 3}
      propertyPath: m_LocalPosition.z
      value: 0
      objectReference: {fileID: 0}
    - target: {fileID: 8081149317597659457, guid: 602ac6779ab0243b897db4c00a249f15,
        type: 3}
      propertyPath: m_LocalRotation.w
      value: 1
      objectReference: {fileID: 0}
    - target: {fileID: 8081149317597659457, guid: 602ac6779ab0243b897db4c00a249f15,
        type: 3}
      propertyPath: m_LocalRotation.x
      value: -0
      objectReference: {fileID: 0}
    - target: {fileID: 8081149317597659457, guid: 602ac6779ab0243b897db4c00a249f15,
        type: 3}
      propertyPath: m_LocalRotation.y
      value: -0
      objectReference: {fileID: 0}
    - target: {fileID: 8081149317597659457, guid: 602ac6779ab0243b897db4c00a249f15,
        type: 3}
      propertyPath: m_LocalRotation.z
      value: -0
      objectReference: {fileID: 0}
    - target: {fileID: 8081149317597659457, guid: 602ac6779ab0243b897db4c00a249f15,
        type: 3}
      propertyPath: m_LocalEulerAnglesHint.x
      value: 0
      objectReference: {fileID: 0}
    - target: {fileID: 8081149317597659457, guid: 602ac6779ab0243b897db4c00a249f15,
        type: 3}
      propertyPath: m_LocalEulerAnglesHint.y
      value: 0
      objectReference: {fileID: 0}
    - target: {fileID: 8081149317597659457, guid: 602ac6779ab0243b897db4c00a249f15,
        type: 3}
      propertyPath: m_LocalEulerAnglesHint.z
      value: 0
      objectReference: {fileID: 0}
    - target: {fileID: 8190593622251199586, guid: 602ac6779ab0243b897db4c00a249f15,
        type: 3}
      propertyPath: m_RootOrder
      value: 1
      objectReference: {fileID: 0}
    - target: {fileID: 8227714090056206352, guid: 602ac6779ab0243b897db4c00a249f15,
        type: 3}
      propertyPath: m_Mesh
      value: 
      objectReference: {fileID: 0}
    - target: {fileID: 8741481737334932448, guid: 602ac6779ab0243b897db4c00a249f15,
        type: 3}
      propertyPath: m_LODs.Array.data[0].renderers.Array.size
      value: 39
      objectReference: {fileID: 0}
    - target: {fileID: 8741481737334932448, guid: 602ac6779ab0243b897db4c00a249f15,
        type: 3}
      propertyPath: m_LODs.Array.data[0].renderers.Array.data[27].renderer
      value: 
      objectReference: {fileID: 7382974111185687067}
    - target: {fileID: 8741481737334932448, guid: 602ac6779ab0243b897db4c00a249f15,
        type: 3}
      propertyPath: m_LODs.Array.data[0].renderers.Array.data[28].renderer
      value: 
      objectReference: {fileID: 5948573288327082423}
    - target: {fileID: 8741481737334932448, guid: 602ac6779ab0243b897db4c00a249f15,
        type: 3}
      propertyPath: m_LODs.Array.data[0].renderers.Array.data[29].renderer
      value: 
      objectReference: {fileID: 5944922812072072965}
    - target: {fileID: 8741481737334932448, guid: 602ac6779ab0243b897db4c00a249f15,
        type: 3}
      propertyPath: m_LODs.Array.data[0].renderers.Array.data[30].renderer
      value: 
      objectReference: {fileID: 8416070518558635478}
    - target: {fileID: 8741481737334932448, guid: 602ac6779ab0243b897db4c00a249f15,
        type: 3}
      propertyPath: m_LODs.Array.data[0].renderers.Array.data[31].renderer
      value: 
      objectReference: {fileID: 1137294631911775019}
    - target: {fileID: 8741481737334932448, guid: 602ac6779ab0243b897db4c00a249f15,
        type: 3}
      propertyPath: m_LODs.Array.data[0].renderers.Array.data[32].renderer
      value: 
      objectReference: {fileID: 7099112940865924908}
    - target: {fileID: 8741481737334932448, guid: 602ac6779ab0243b897db4c00a249f15,
        type: 3}
      propertyPath: m_LODs.Array.data[0].renderers.Array.data[33].renderer
      value: 
      objectReference: {fileID: 1747755842592021237}
    - target: {fileID: 8741481737334932448, guid: 602ac6779ab0243b897db4c00a249f15,
        type: 3}
      propertyPath: m_LODs.Array.data[0].renderers.Array.data[34].renderer
      value: 
      objectReference: {fileID: 2389318117678540421}
    - target: {fileID: 8741481737334932448, guid: 602ac6779ab0243b897db4c00a249f15,
        type: 3}
      propertyPath: m_LODs.Array.data[0].renderers.Array.data[35].renderer
      value: 
      objectReference: {fileID: 7022366784812919361}
    - target: {fileID: 8741481737334932448, guid: 602ac6779ab0243b897db4c00a249f15,
        type: 3}
      propertyPath: m_LODs.Array.data[0].renderers.Array.data[36].renderer
      value: 
      objectReference: {fileID: 2538969208216284678}
    - target: {fileID: 8741481737334932448, guid: 602ac6779ab0243b897db4c00a249f15,
        type: 3}
      propertyPath: m_LODs.Array.data[0].renderers.Array.data[37].renderer
      value: 
      objectReference: {fileID: 948091983394721151}
    - target: {fileID: 8741481737334932448, guid: 602ac6779ab0243b897db4c00a249f15,
        type: 3}
      propertyPath: m_LODs.Array.data[0].renderers.Array.data[38].renderer
      value: 
      objectReference: {fileID: 7977340837820901200}
    - target: {fileID: 8741481737334932448, guid: 602ac6779ab0243b897db4c00a249f15,
        type: 3}
      propertyPath: m_LODs.Array.data[0].renderers.Array.data[39].renderer
      value: 
      objectReference: {fileID: 8673623052348072899}
    - target: {fileID: 9201404337929291625, guid: 602ac6779ab0243b897db4c00a249f15,
        type: 3}
      propertyPath: m_Mesh
      value: 
      objectReference: {fileID: 0}
    m_RemovedComponents: []
  m_SourcePrefab: {fileID: 100100000, guid: 602ac6779ab0243b897db4c00a249f15, type: 3}
--- !u!114 &3117664967762921744 stripped
MonoBehaviour:
  m_CorrespondingSourceObject: {fileID: 1251184535573035658, guid: 602ac6779ab0243b897db4c00a249f15,
    type: 3}
  m_PrefabInstance: {fileID: 4186432792138789786}
  m_PrefabAsset: {fileID: 0}
  m_GameObject: {fileID: 0}
  m_Enabled: 0
  m_EditorHideFlags: 0
  m_Script: {fileID: 11500000, guid: fe23bb94084f8b3479f188902eff6fa1, type: 3}
  m_Name: 
  m_EditorClassIdentifier: 
--- !u!4 &5041860919942474856 stripped
Transform:
  m_CorrespondingSourceObject: {fileID: 9214782354313371634, guid: 602ac6779ab0243b897db4c00a249f15,
    type: 3}
  m_PrefabInstance: {fileID: 4186432792138789786}
  m_PrefabAsset: {fileID: 0}
--- !u!114 &4186432793534995335 stripped
MonoBehaviour:
  m_CorrespondingSourceObject: {fileID: 1976150045, guid: 602ac6779ab0243b897db4c00a249f15,
    type: 3}
  m_PrefabInstance: {fileID: 4186432792138789786}
  m_PrefabAsset: {fileID: 0}
  m_GameObject: {fileID: 0}
  m_Enabled: 1
  m_EditorHideFlags: 0
  m_Script: {fileID: 11500000, guid: 16701678b17d24b129549638bb207a74, type: 3}
  m_Name: 
  m_EditorClassIdentifier: 
--- !u!114 &5939767237829301562 stripped
MonoBehaviour:
  m_CorrespondingSourceObject: {fileID: 7527617951032878752, guid: 602ac6779ab0243b897db4c00a249f15,
    type: 3}
  m_PrefabInstance: {fileID: 4186432792138789786}
  m_PrefabAsset: {fileID: 0}
  m_GameObject: {fileID: 0}
  m_Enabled: 1
  m_EditorHideFlags: 0
  m_Script: {fileID: 11500000, guid: 8977530f49cb84f53b5285eadda6ab0c, type: 3}
  m_Name: 
  m_EditorClassIdentifier: 
--- !u!114 &2382697515803643627 stripped
MonoBehaviour:
  m_CorrespondingSourceObject: {fileID: 1947869191693679985, guid: 602ac6779ab0243b897db4c00a249f15,
    type: 3}
  m_PrefabInstance: {fileID: 4186432792138789786}
  m_PrefabAsset: {fileID: 0}
  m_GameObject: {fileID: 0}
  m_Enabled: 0
  m_EditorHideFlags: 0
  m_Script: {fileID: 11500000, guid: ed3b830c7fdaa6345ba3dfe7326fdd63, type: 3}
  m_Name: 
  m_EditorClassIdentifier: 
--- !u!114 &6951166647859079302 stripped
MonoBehaviour:
  m_CorrespondingSourceObject: {fileID: 6516342855744903964, guid: 602ac6779ab0243b897db4c00a249f15,
    type: 3}
  m_PrefabInstance: {fileID: 4186432792138789786}
  m_PrefabAsset: {fileID: 0}
  m_GameObject: {fileID: 0}
  m_Enabled: 1
  m_EditorHideFlags: 0
  m_Script: {fileID: 11500000, guid: ba46ec043eb1a4e54bbd5440fa891825, type: 3}
  m_Name: 
  m_EditorClassIdentifier: 
--- !u!212 &8673623052348072899 stripped
SpriteRenderer:
  m_CorrespondingSourceObject: {fileID: 4776019333633675353, guid: 602ac6779ab0243b897db4c00a249f15,
    type: 3}
  m_PrefabInstance: {fileID: 4186432792138789786}
  m_PrefabAsset: {fileID: 0}
--- !u!4 &5350047712839873243 stripped
Transform:
  m_CorrespondingSourceObject: {fileID: 8081149317597659457, guid: 602ac6779ab0243b897db4c00a249f15,
    type: 3}
  m_PrefabInstance: {fileID: 4186432792138789786}
  m_PrefabAsset: {fileID: 0}
