%YAML 1.1
%TAG !u! tag:unity3d.com,2011:
--- !u!1 &315665591105108721
GameObject:
  m_ObjectHideFlags: 0
  m_CorrespondingSourceObject: {fileID: 0}
  m_PrefabInstance: {fileID: 0}
  m_PrefabAsset: {fileID: 0}
  serializedVersion: 6
  m_Component:
  - component: {fileID: 1231485816179267148}
  - component: {fileID: 1212194515379502716}
  - component: {fileID: 5494300126782331851}
  - component: {fileID: 8920379243137051878}
  - component: {fileID: 6395542867188580844}
  m_Layer: 12
  m_Name: Left
  m_TagString: Untagged
  m_Icon: {fileID: 0}
  m_NavMeshLayer: 0
  m_StaticEditorFlags: 0
  m_IsActive: 1
--- !u!4 &1231485816179267148
Transform:
  m_ObjectHideFlags: 0
  m_CorrespondingSourceObject: {fileID: 0}
  m_PrefabInstance: {fileID: 0}
  m_PrefabAsset: {fileID: 0}
  m_GameObject: {fileID: 315665591105108721}
  m_LocalRotation: {x: -0.579228, y: 0.579228, z: 0.4055798, w: 0.4055798}
  m_LocalPosition: {x: 0, y: 5, z: 5}
  m_LocalScale: {x: 1, y: 1.000001, z: 1.000001}
  m_Children: []
  m_Father: {fileID: 2536961552262199370}
  m_RootOrder: 0
  m_LocalEulerAnglesHint: {x: -110, y: 0, z: 90}
--- !u!108 &1212194515379502716
Light:
  m_ObjectHideFlags: 0
  m_CorrespondingSourceObject: {fileID: 0}
  m_PrefabInstance: {fileID: 0}
  m_PrefabAsset: {fileID: 0}
  m_GameObject: {fileID: 315665591105108721}
  m_Enabled: 1
  serializedVersion: 10
  m_Type: 2
  m_Shape: 0
  m_Color: {r: 1, g: 1, b: 1, a: 1}
  m_Intensity: 20
  m_Range: 15
  m_SpotAngle: 120
  m_InnerSpotAngle: 102.45226
  m_CookieSize: 10
  m_Shadows:
    m_Type: 1
    m_Resolution: -1
    m_CustomResolution: -1
    m_Strength: 1
    m_Bias: 0.05
    m_NormalBias: 0.4
    m_NearPlane: 0.2
    m_CullingMatrixOverride:
      e00: 1
      e01: 0
      e02: 0
      e03: 0
      e10: 0
      e11: 1
      e12: 0
      e13: 0
      e20: 0
      e21: 0
      e22: 1
      e23: 0
      e30: 0
      e31: 0
      e32: 0
      e33: 1
    m_UseCullingMatrixOverride: 0
  m_Cookie: {fileID: 0}
  m_DrawHalo: 0
  m_Flare: {fileID: 0}
  m_RenderMode: 0
  m_CullingMask:
    serializedVersion: 2
    m_Bits: 4294967295
  m_RenderingLayerMask: 1
  m_Lightmapping: 4
  m_LightShadowCasterMode: 0
  m_AreaSize: {x: 1, y: 1}
  m_BounceIntensity: 1
  m_ColorTemperature: 6570
  m_UseColorTemperature: 0
  m_BoundingSphereOverride: {x: 0, y: 0, z: 0, w: 0}
  m_UseBoundingSphereOverride: 0
  m_ShadowRadius: 0
  m_ShadowAngle: 0
--- !u!114 &5494300126782331851
MonoBehaviour:
  m_ObjectHideFlags: 0
  m_CorrespondingSourceObject: {fileID: 0}
  m_PrefabInstance: {fileID: 0}
  m_PrefabAsset: {fileID: 0}
  m_GameObject: {fileID: 315665591105108721}
  m_Enabled: 1
  m_EditorHideFlags: 0
  m_Script: {fileID: 11500000, guid: 6c13441041713e24b8e6db7af2569cfb, type: 3}
  m_Name: 
  m_EditorClassIdentifier: 
  NoiseTexture3D: {fileID: 0}
  NoiseScale: {x: 1, y: 1, z: 1}
  NoiseVelocity: {x: 1, y: 1, z: 0}
  LightFalloff: {fileID: 0}
  NearPlane: 0
  NoiseEnabled: 1
  CustomMieScatter: 0
  CustomExtinction: 1
  CustomExtinctionEffect: 0
  CustomDensity: 1
  CustomSampleCount: 0
  CustomColor: 0
  CustomNoiseEnabled: 0
  CustomNoiseTexture: 0
  CustomNoiseScale: 0
  CustomNoiseVelocity: 0
  CustomNoiseContrast: 0
  CustomFogHeightEnabled: 0
  CustomFogHeight: 0
  CustomFogTransitionSize: 0
  CustomAboveFogPercent: 0
  CustomSunSize: 0
  CustomSunBleed: 0
  ShadowCasting: 0
  CustomStrength: 0
  CustomIntensity: 1
  CustomTintMode: 0
  CustomTintColor: 0
  CustomTintColor2: 0
  CustomTintGradient: 0
  CustomTintIntensity: 0
  CustomMaxLightDistance: 0
  NoiseContrast: 1
  TintMode: 0
  TintColor: {r: 1, g: 0, b: 0, a: 1}
  TintColor2: {r: 0, g: 0, b: 1, a: 1}
  TintIntensity: 0.2
  TintGradient: 0.2
  Intensity: 1.5
  Strength: 1
  Color: {r: 1, g: 1, b: 1, a: 1}
  MieScattering: 0.9999
  SunSize: 0
  SunBleed: 1
  Extinction: 0.2
  Density: 0.8
  ExtraDensity: 1
  SampleCount: 32
  Shadows: 1
  FogHeightEnabled: 0
  FogHeight: 5
  FogTransitionSize: 5
  MaxLightDistance: 128
  AboveFogPercent: 1.58
  Offset: {x: 20019.795, y: 20019.795, z: 0}
--- !u!114 &8920379243137051878
MonoBehaviour:
  m_ObjectHideFlags: 0
  m_CorrespondingSourceObject: {fileID: 0}
  m_PrefabInstance: {fileID: 0}
  m_PrefabAsset: {fileID: 0}
  m_GameObject: {fileID: 315665591105108721}
  m_Enabled: 1
  m_EditorHideFlags: 0
  m_Script: {fileID: 11500000, guid: 726293212987ef74e893004f87d58e66, type: 3}
  m_Name: 
  m_EditorClassIdentifier: 
  light: {fileID: 1212194515379502716}
  volumetricLight: {fileID: 5494300126782331851}
--- !u!114 &6395542867188580844
MonoBehaviour:
  m_ObjectHideFlags: 0
  m_CorrespondingSourceObject: {fileID: 0}
  m_PrefabInstance: {fileID: 0}
  m_PrefabAsset: {fileID: 0}
  m_GameObject: {fileID: 315665591105108721}
  m_Enabled: 1
  m_EditorHideFlags: 0
  m_Script: {fileID: 11500000, guid: 5591f6df0cb1c49478f55cf0d220b5f5, type: 3}
  m_Name: 
  m_EditorClassIdentifier: 
  supportedPlatforms: 000000000100000002000000070000002400000026000000
--- !u!1 &959569962476539356
GameObject:
  m_ObjectHideFlags: 0
  m_CorrespondingSourceObject: {fileID: 0}
  m_PrefabInstance: {fileID: 0}
  m_PrefabAsset: {fileID: 0}
  serializedVersion: 6
  m_Component:
  - component: {fileID: 2536961552262199370}
  - component: {fileID: 185445664392623458}
  - component: {fileID: 5189633595520499064}
  m_Layer: 12
  m_Name: Subway Light
  m_TagString: Untagged
  m_Icon: {fileID: 0}
  m_NavMeshLayer: 0
  m_StaticEditorFlags: 0
  m_IsActive: 1
--- !u!4 &2536961552262199370
Transform:
  m_ObjectHideFlags: 0
  m_CorrespondingSourceObject: {fileID: 0}
  m_PrefabInstance: {fileID: 0}
  m_PrefabAsset: {fileID: 0}
  m_GameObject: {fileID: 959569962476539356}
  m_LocalRotation: {x: -1.0000001, y: -0, z: -0, w: 0}
  m_LocalPosition: {x: -314.19995, y: 32.71, z: -55.42006}
  m_LocalScale: {x: 4, y: 2, z: 2}
  m_Children:
  - {fileID: 1231485816179267148}
  - {fileID: 1408026748055654417}
  - {fileID: 4217847187435016732}
  m_Father: {fileID: 0}
  m_RootOrder: 0
  m_LocalEulerAnglesHint: {x: -180, y: 0, z: 0}
--- !u!33 &185445664392623458
MeshFilter:
  m_ObjectHideFlags: 0
  m_CorrespondingSourceObject: {fileID: 0}
  m_PrefabInstance: {fileID: 0}
  m_PrefabAsset: {fileID: 0}
  m_GameObject: {fileID: 959569962476539356}
  m_Mesh: {fileID: 4300000, guid: 6b05d43bb7ed44f479356581ba44d005, type: 2}
--- !u!23 &5189633595520499064
MeshRenderer:
  m_ObjectHideFlags: 0
  m_CorrespondingSourceObject: {fileID: 0}
  m_PrefabInstance: {fileID: 0}
  m_PrefabAsset: {fileID: 0}
  m_GameObject: {fileID: 959569962476539356}
  m_Enabled: 1
  m_CastShadows: 1
  m_ReceiveShadows: 1
  m_DynamicOccludee: 1
  m_MotionVectors: 1
  m_LightProbeUsage: 1
  m_ReflectionProbeUsage: 1
  m_RayTracingMode: 2
  m_RenderingLayerMask: 1
  m_RendererPriority: 0
  m_Materials:
  - {fileID: 2100000, guid: 12b0341653cf6497885f06e733ea73bd, type: 2}
  m_StaticBatchInfo:
    firstSubMesh: 0
    subMeshCount: 0
  m_StaticBatchRoot: {fileID: 0}
  m_ProbeAnchor: {fileID: 0}
  m_LightProbeVolumeOverride: {fileID: 0}
  m_ScaleInLightmap: 1
  m_ReceiveGI: 1
  m_PreserveUVs: 0
  m_IgnoreNormalsForChartDetection: 0
  m_ImportantGI: 0
  m_StitchLightmapSeams: 0
  m_SelectedEditorRenderState: 2
  m_MinimumChartSize: 4
  m_AutoUVMaxDistance: 0.5
  m_AutoUVMaxAngle: 89
  m_LightmapParameters: {fileID: 0}
  m_SortingLayerID: 0
  m_SortingLayer: 0
  m_SortingOrder: 0
--- !u!1 &1597299088788769316
GameObject:
  m_ObjectHideFlags: 0
  m_CorrespondingSourceObject: {fileID: 0}
  m_PrefabInstance: {fileID: 0}
  m_PrefabAsset: {fileID: 0}
  serializedVersion: 6
  m_Component:
  - component: {fileID: 4217847187435016732}
  - component: {fileID: 4098487468049277937}
  - component: {fileID: 5615660950816984946}
  - component: {fileID: 5274945437788098481}
  - component: {fileID: 6722057390587818267}
  m_Layer: 12
  m_Name: Center
  m_TagString: Untagged
  m_Icon: {fileID: 0}
  m_NavMeshLayer: 0
  m_StaticEditorFlags: 0
  m_IsActive: 1
--- !u!4 &4217847187435016732
Transform:
  m_ObjectHideFlags: 0
  m_CorrespondingSourceObject: {fileID: 0}
  m_PrefabInstance: {fileID: 0}
  m_PrefabAsset: {fileID: 0}
  m_GameObject: {fileID: 1597299088788769316}
  m_LocalRotation: {x: -0.579228, y: 0.579228, z: 0.4055798, w: 0.4055798}
  m_LocalPosition: {x: 0, y: 0.5, z: 0}
  m_LocalScale: {x: 1, y: 1.000001, z: 1.000001}
  m_Children: []
  m_Father: {fileID: 2536961552262199370}
  m_RootOrder: 2
  m_LocalEulerAnglesHint: {x: -110, y: 0, z: 90}
--- !u!108 &4098487468049277937
Light:
  m_ObjectHideFlags: 0
  m_CorrespondingSourceObject: {fileID: 0}
  m_PrefabInstance: {fileID: 0}
  m_PrefabAsset: {fileID: 0}
  m_GameObject: {fileID: 1597299088788769316}
  m_Enabled: 1
  serializedVersion: 10
  m_Type: 2
  m_Shape: 0
  m_Color: {r: 1, g: 1, b: 1, a: 1}
  m_Intensity: 20
  m_Range: 10
  m_SpotAngle: 120
  m_InnerSpotAngle: 102.45226
  m_CookieSize: 10
  m_Shadows:
    m_Type: 1
    m_Resolution: -1
    m_CustomResolution: -1
    m_Strength: 1
    m_Bias: 0.05
    m_NormalBias: 0.4
    m_NearPlane: 0.2
    m_CullingMatrixOverride:
      e00: 1
      e01: 0
      e02: 0
      e03: 0
      e10: 0
      e11: 1
      e12: 0
      e13: 0
      e20: 0
      e21: 0
      e22: 1
      e23: 0
      e30: 0
      e31: 0
      e32: 0
      e33: 1
    m_UseCullingMatrixOverride: 0
  m_Cookie: {fileID: 0}
  m_DrawHalo: 0
  m_Flare: {fileID: 0}
  m_RenderMode: 0
  m_CullingMask:
    serializedVersion: 2
    m_Bits: 4294967295
  m_RenderingLayerMask: 1
  m_Lightmapping: 4
  m_LightShadowCasterMode: 0
  m_AreaSize: {x: 1, y: 1}
  m_BounceIntensity: 1
  m_ColorTemperature: 6570
  m_UseColorTemperature: 0
  m_BoundingSphereOverride: {x: 0, y: 0, z: 0, w: 0}
  m_UseBoundingSphereOverride: 0
  m_ShadowRadius: 0
  m_ShadowAngle: 0
--- !u!114 &5615660950816984946
MonoBehaviour:
  m_ObjectHideFlags: 0
  m_CorrespondingSourceObject: {fileID: 0}
  m_PrefabInstance: {fileID: 0}
  m_PrefabAsset: {fileID: 0}
  m_GameObject: {fileID: 1597299088788769316}
  m_Enabled: 1
  m_EditorHideFlags: 0
  m_Script: {fileID: 11500000, guid: 6c13441041713e24b8e6db7af2569cfb, type: 3}
  m_Name: 
  m_EditorClassIdentifier: 
  NoiseTexture3D: {fileID: 0}
  NoiseScale: {x: 1, y: 1, z: 1}
  NoiseVelocity: {x: 1, y: 1, z: 0}
  LightFalloff: {fileID: 0}
  NearPlane: 0
  NoiseEnabled: 1
  CustomMieScatter: 0
  CustomExtinction: 1
  CustomExtinctionEffect: 0
  CustomDensity: 1
  CustomSampleCount: 0
  CustomColor: 0
  CustomNoiseEnabled: 0
  CustomNoiseTexture: 0
  CustomNoiseScale: 0
  CustomNoiseVelocity: 0
  CustomNoiseContrast: 0
  CustomFogHeightEnabled: 0
  CustomFogHeight: 0
  CustomFogTransitionSize: 0
  CustomAboveFogPercent: 0
  CustomSunSize: 0
  CustomSunBleed: 0
  ShadowCasting: 0
  CustomStrength: 0
  CustomIntensity: 1
  CustomTintMode: 0
  CustomTintColor: 0
  CustomTintColor2: 0
  CustomTintGradient: 0
  CustomTintIntensity: 0
  CustomMaxLightDistance: 0
  NoiseContrast: 1
  TintMode: 0
  TintColor: {r: 1, g: 0, b: 0, a: 1}
  TintColor2: {r: 0, g: 0, b: 1, a: 1}
  TintIntensity: 0.2
  TintGradient: 0.2
  Intensity: 1.5
  Strength: 1
  Color: {r: 1, g: 1, b: 1, a: 1}
  MieScattering: 0.9999
  SunSize: 0
  SunBleed: 1
  Extinction: 0.2
  Density: 0.8
  ExtraDensity: 1
  SampleCount: 32
  Shadows: 1
  FogHeightEnabled: 0
  FogHeight: 5
  FogTransitionSize: 5
  MaxLightDistance: 128
  AboveFogPercent: 1.58
  Offset: {x: 20019.795, y: 20019.795, z: 0}
--- !u!114 &5274945437788098481
MonoBehaviour:
  m_ObjectHideFlags: 0
  m_CorrespondingSourceObject: {fileID: 0}
  m_PrefabInstance: {fileID: 0}
  m_PrefabAsset: {fileID: 0}
  m_GameObject: {fileID: 1597299088788769316}
  m_Enabled: 1
  m_EditorHideFlags: 0
  m_Script: {fileID: 11500000, guid: 726293212987ef74e893004f87d58e66, type: 3}
  m_Name: 
  m_EditorClassIdentifier: 
  light: {fileID: 4098487468049277937}
  volumetricLight: {fileID: 5615660950816984946}
--- !u!114 &6722057390587818267
MonoBehaviour:
  m_ObjectHideFlags: 0
  m_CorrespondingSourceObject: {fileID: 0}
  m_PrefabInstance: {fileID: 0}
  m_PrefabAsset: {fileID: 0}
  m_GameObject: {fileID: 1597299088788769316}
  m_Enabled: 1
  m_EditorHideFlags: 0
  m_Script: {fileID: 11500000, guid: 5591f6df0cb1c49478f55cf0d220b5f5, type: 3}
  m_Name: 
  m_EditorClassIdentifier: 
  supportedPlatforms: 0000000001000000020000000700000024000000260000002500000019000000
--- !u!1 &1928119953075121042
GameObject:
  m_ObjectHideFlags: 0
  m_CorrespondingSourceObject: {fileID: 0}
  m_PrefabInstance: {fileID: 0}
  m_PrefabAsset: {fileID: 0}
  serializedVersion: 6
  m_Component:
  - component: {fileID: 1408026748055654417}
  - component: {fileID: 190456260095158024}
  - component: {fileID: 7058582564146909382}
  - component: {fileID: 3148528951886166094}
  - component: {fileID: 4736654420082409904}
  m_Layer: 12
  m_Name: Right
  m_TagString: Untagged
  m_Icon: {fileID: 0}
  m_NavMeshLayer: 0
  m_StaticEditorFlags: 0
  m_IsActive: 1
--- !u!4 &1408026748055654417
Transform:
  m_ObjectHideFlags: 0
  m_CorrespondingSourceObject: {fileID: 0}
  m_PrefabInstance: {fileID: 0}
  m_PrefabAsset: {fileID: 0}
  m_GameObject: {fileID: 1928119953075121042}
  m_LocalRotation: {x: -0.579228, y: 0.579228, z: 0.4055798, w: 0.4055798}
  m_LocalPosition: {x: 0, y: 5, z: -5}
  m_LocalScale: {x: 1, y: 1.000001, z: 1.000001}
  m_Children: []
  m_Father: {fileID: 2536961552262199370}
  m_RootOrder: 1
  m_LocalEulerAnglesHint: {x: -110, y: 0, z: 90}
--- !u!108 &190456260095158024
Light:
  m_ObjectHideFlags: 0
  m_CorrespondingSourceObject: {fileID: 0}
  m_PrefabInstance: {fileID: 0}
  m_PrefabAsset: {fileID: 0}
  m_GameObject: {fileID: 1928119953075121042}
  m_Enabled: 1
  serializedVersion: 10
  m_Type: 2
  m_Shape: 0
  m_Color: {r: 1, g: 1, b: 1, a: 1}
  m_Intensity: 20
  m_Range: 15
  m_SpotAngle: 120
  m_InnerSpotAngle: 102.45226
  m_CookieSize: 10
  m_Shadows:
    m_Type: 1
    m_Resolution: -1
    m_CustomResolution: -1
    m_Strength: 1
    m_Bias: 0.05
    m_NormalBias: 0.4
    m_NearPlane: 0.2
    m_CullingMatrixOverride:
      e00: 1
      e01: 0
      e02: 0
      e03: 0
      e10: 0
      e11: 1
      e12: 0
      e13: 0
      e20: 0
      e21: 0
      e22: 1
      e23: 0
      e30: 0
      e31: 0
      e32: 0
      e33: 1
    m_UseCullingMatrixOverride: 0
  m_Cookie: {fileID: 0}
  m_DrawHalo: 0
  m_Flare: {fileID: 0}
  m_RenderMode: 0
  m_CullingMask:
    serializedVersion: 2
    m_Bits: 4294967295
  m_RenderingLayerMask: 1
  m_Lightmapping: 4
  m_LightShadowCasterMode: 0
  m_AreaSize: {x: 1, y: 1}
  m_BounceIntensity: 1
  m_ColorTemperature: 6570
  m_UseColorTemperature: 0
  m_BoundingSphereOverride: {x: 0, y: 0, z: 0, w: 0}
  m_UseBoundingSphereOverride: 0
  m_ShadowRadius: 0
  m_ShadowAngle: 0
--- !u!114 &7058582564146909382
MonoBehaviour:
  m_ObjectHideFlags: 0
  m_CorrespondingSourceObject: {fileID: 0}
  m_PrefabInstance: {fileID: 0}
  m_PrefabAsset: {fileID: 0}
  m_GameObject: {fileID: 1928119953075121042}
  m_Enabled: 1
  m_EditorHideFlags: 0
  m_Script: {fileID: 11500000, guid: 6c13441041713e24b8e6db7af2569cfb, type: 3}
  m_Name: 
  m_EditorClassIdentifier: 
  NoiseTexture3D: {fileID: 0}
  NoiseScale: {x: 1, y: 1, z: 1}
  NoiseVelocity: {x: 1, y: 1, z: 0}
  LightFalloff: {fileID: 0}
  NearPlane: 0
  NoiseEnabled: 1
  CustomMieScatter: 0
  CustomExtinction: 1
  CustomExtinctionEffect: 0
  CustomDensity: 1
  CustomSampleCount: 0
  CustomColor: 0
  CustomNoiseEnabled: 0
  CustomNoiseTexture: 0
  CustomNoiseScale: 0
  CustomNoiseVelocity: 0
  CustomNoiseContrast: 0
  CustomFogHeightEnabled: 0
  CustomFogHeight: 0
  CustomFogTransitionSize: 0
  CustomAboveFogPercent: 0
  CustomSunSize: 0
  CustomSunBleed: 0
  ShadowCasting: 0
  CustomStrength: 0
  CustomIntensity: 1
  CustomTintMode: 0
  CustomTintColor: 0
  CustomTintColor2: 0
  CustomTintGradient: 0
  CustomTintIntensity: 0
  CustomMaxLightDistance: 0
  NoiseContrast: 1
  TintMode: 0
  TintColor: {r: 1, g: 0, b: 0, a: 1}
  TintColor2: {r: 0, g: 0, b: 1, a: 1}
  TintIntensity: 0.2
  TintGradient: 0.2
  Intensity: 1.5
  Strength: 1
  Color: {r: 1, g: 1, b: 1, a: 1}
  MieScattering: 0.9999
  SunSize: 0
  SunBleed: 1
  Extinction: 0.2
  Density: 0.8
  ExtraDensity: 1
  SampleCount: 32
  Shadows: 1
  FogHeightEnabled: 0
  FogHeight: 5
  FogTransitionSize: 5
  MaxLightDistance: 128
  AboveFogPercent: 1.58
  Offset: {x: 20019.795, y: 20019.795, z: 0}
--- !u!114 &3148528951886166094
MonoBehaviour:
  m_ObjectHideFlags: 0
  m_CorrespondingSourceObject: {fileID: 0}
  m_PrefabInstance: {fileID: 0}
  m_PrefabAsset: {fileID: 0}
  m_GameObject: {fileID: 1928119953075121042}
  m_Enabled: 1
  m_EditorHideFlags: 0
  m_Script: {fileID: 11500000, guid: 726293212987ef74e893004f87d58e66, type: 3}
  m_Name: 
  m_EditorClassIdentifier: 
  light: {fileID: 190456260095158024}
  volumetricLight: {fileID: 7058582564146909382}
--- !u!114 &4736654420082409904
MonoBehaviour:
  m_ObjectHideFlags: 0
  m_CorrespondingSourceObject: {fileID: 0}
  m_PrefabInstance: {fileID: 0}
  m_PrefabAsset: {fileID: 0}
  m_GameObject: {fileID: 1928119953075121042}
  m_Enabled: 1
  m_EditorHideFlags: 0
  m_Script: {fileID: 11500000, guid: 5591f6df0cb1c49478f55cf0d220b5f5, type: 3}
  m_Name: 
  m_EditorClassIdentifier: 
  supportedPlatforms: 000000000100000002000000070000002400000026000000
