%YAML 1.1
%TAG !u! tag:unity3d.com,2011:
--- !u!1 &128191729981433893
GameObject:
  m_ObjectHideFlags: 0
  m_CorrespondingSourceObject: {fileID: 0}
  m_PrefabInstance: {fileID: 0}
  m_PrefabAsset: {fileID: 0}
  serializedVersion: 6
  m_Component:
  - component: {fileID: 128191729981433894}
  - component: {fileID: 128191729981433886}
  - component: {fileID: 128191729981433885}
  - component: {fileID: 128191729981433891}
  - component: {fileID: 128191729981433890}
  - component: {fileID: 128191729981433889}
  - component: {fileID: 128191729981433888}
  - component: {fileID: 780604570}
  - component: {fileID: 7437883664182770977}
  - component: {fileID: 1464915446}
  - component: {fileID: 5579856730698055761}
  m_Layer: 17
  m_Name: Panel (Platform)
  m_TagString: NoclipPlatform
  m_Icon: {fileID: 0}
  m_NavMeshLayer: 0
  m_StaticEditorFlags: 16
  m_IsActive: 1
--- !u!4 &128191729981433894
Transform:
  m_ObjectHideFlags: 0
  m_CorrespondingSourceObject: {fileID: 0}
  m_PrefabInstance: {fileID: 0}
  m_PrefabAsset: {fileID: 0}
  m_GameObject: {fileID: 128191729981433893}
  m_LocalRotation: {x: 0, y: 0, z: 0, w: 1}
  m_LocalPosition: {x: -0.868, y: -0.23316574, z: 1.0370026}
  m_LocalScale: {x: 1, y: 1, z: 1}
  m_Children:
  - {fileID: 2345198786576369362}
  m_Father: {fileID: 128191730752246201}
  m_RootOrder: 1
  m_LocalEulerAnglesHint: {x: 0, y: 0, z: 0}
--- !u!33 &128191729981433886
MeshFilter:
  m_ObjectHideFlags: 0
  m_CorrespondingSourceObject: {fileID: 0}
  m_PrefabInstance: {fileID: 0}
  m_PrefabAsset: {fileID: 0}
  m_GameObject: {fileID: 128191729981433893}
  m_Mesh: {fileID: 4300000, guid: 356d1b34c9bf50c4b8a5962c6299d77b, type: 2}
--- !u!23 &128191729981433885
MeshRenderer:
  m_ObjectHideFlags: 0
  m_CorrespondingSourceObject: {fileID: 0}
  m_PrefabInstance: {fileID: 0}
  m_PrefabAsset: {fileID: 0}
  m_GameObject: {fileID: 128191729981433893}
  m_Enabled: 1
  m_CastShadows: 1
  m_ReceiveShadows: 1
  m_DynamicOccludee: 1
  m_MotionVectors: 1
  m_LightProbeUsage: 1
  m_ReflectionProbeUsage: 1
  m_RayTracingMode: 2
  m_RenderingLayerMask: 1
  m_RendererPriority: 0
  m_Materials:
  - {fileID: 2100000, guid: ec2a5b4e81b124f55b1fd5d69170312b, type: 2}
  m_StaticBatchInfo:
    firstSubMesh: 0
    subMeshCount: 0
  m_StaticBatchRoot: {fileID: 0}
  m_ProbeAnchor: {fileID: 0}
  m_LightProbeVolumeOverride: {fileID: 0}
  m_ScaleInLightmap: 1
  m_ReceiveGI: 1
  m_PreserveUVs: 0
  m_IgnoreNormalsForChartDetection: 0
  m_ImportantGI: 0
  m_StitchLightmapSeams: 0
  m_SelectedEditorRenderState: 2
  m_MinimumChartSize: 4
  m_AutoUVMaxDistance: 0.5
  m_AutoUVMaxAngle: 89
  m_LightmapParameters: {fileID: 0}
  m_SortingLayerID: 0
  m_SortingLayer: 0
  m_SortingOrder: 0
--- !u!65 &128191729981433891
BoxCollider:
  m_ObjectHideFlags: 0
  m_CorrespondingSourceObject: {fileID: 0}
  m_PrefabInstance: {fileID: 0}
  m_PrefabAsset: {fileID: 0}
  m_GameObject: {fileID: 128191729981433893}
  m_Material: {fileID: 0}
  m_IsTrigger: 0
  m_Enabled: 1
  serializedVersion: 2
  m_Size: {x: 3, y: 0.2713127, z: 3}
  m_Center: {x: 1.5, y: 0.12656975, z: -1.5}
--- !u!114 &128191729981433890
MonoBehaviour:
  m_ObjectHideFlags: 0
  m_CorrespondingSourceObject: {fileID: 0}
  m_PrefabInstance: {fileID: 0}
  m_PrefabAsset: {fileID: 0}
  m_GameObject: {fileID: 128191729981433893}
  m_Enabled: 1
  m_EditorHideFlags: 0
  m_Script: {fileID: 11500000, guid: 4bd5e5ddd242bd64581fb5ed9c0e0507, type: 3}
  m_Name: 
  m_EditorClassIdentifier: 
  m_PolyMesh:
    name: pb_Mesh723868
    vertices:
    - {x: 0, y: 0.05, z: 0}
    - {x: 3, y: 0.05, z: 0}
    - {x: 0, y: 0.2, z: 0}
    - {x: 3, y: 0.2, z: 0}
    - {x: 3, y: 0.05, z: 0}
    - {x: 3, y: 0.05, z: -3}
    - {x: 3, y: 0.2, z: 0}
    - {x: 3, y: 0.2, z: -3}
    - {x: 3, y: 0.05, z: -3}
    - {x: 0, y: 0.05, z: -3}
    - {x: 3, y: 0.2, z: -3}
    - {x: 0, y: 0.2, z: -3}
    - {x: 0, y: 0.05, z: -3}
    - {x: 0, y: 0.05, z: 0}
    - {x: 0, y: 0.2, z: -3}
    - {x: 0, y: 0.2, z: 0}
    - {x: 2.95, y: 0.25, z: -0.05}
    - {x: 0, y: 0.2, z: 0}
    - {x: 3, y: 0.2, z: 0}
    - {x: 0.05, y: 0.25, z: -0.05}
    - {x: 0.05, y: 0.25, z: -0.05}
    - {x: 0, y: 0.2, z: -3}
    - {x: 0, y: 0.2, z: 0}
    - {x: 0.05, y: 0.25, z: -2.95}
    - {x: 2.95, y: 0.25, z: -2.95}
    - {x: 3, y: 0.2, z: 0}
    - {x: 3, y: 0.2, z: -3}
    - {x: 2.95, y: 0.25, z: -0.05}
    - {x: 0.05, y: 0.25, z: -2.95}
    - {x: 3, y: 0.2, z: -3}
    - {x: 0, y: 0.2, z: -3}
    - {x: 2.95, y: 0.25, z: -2.95}
    - {x: 2.95, y: 0, z: -2.95}
    - {x: 0, y: 0.05, z: -3}
    - {x: 3, y: 0.05, z: -3}
    - {x: 0.05, y: 0, z: -2.95}
    - {x: 0.05, y: 0, z: -2.95}
    - {x: 0, y: 0.05, z: 0}
    - {x: 0, y: 0.05, z: -3}
    - {x: 0.05, y: 0, z: -0.05}
    - {x: 2.95, y: 0, z: -0.05}
    - {x: 3, y: 0.05, z: -3}
    - {x: 3, y: 0.05, z: 0}
    - {x: 2.95, y: 0, z: -2.95}
    - {x: 0.05, y: 0, z: -0.05}
    - {x: 3, y: 0.05, z: 0}
    - {x: 0, y: 0.05, z: 0}
    - {x: 2.95, y: 0, z: -0.05}
    - {x: 0.05, y: 0.25, z: -0.05}
    - {x: 2.95, y: 0.25, z: -0.05}
    - {x: 0.49945068, y: 0.25, z: -0.49519348}
    - {x: 2.5005493, y: 0.25, z: -0.49519348}
    - {x: 0.05, y: 0.25, z: -2.95}
    - {x: 0.49945068, y: 0.25, z: -2.5048065}
    - {x: 2.95, y: 0.25, z: -2.95}
    - {x: 2.5005493, y: 0.25, z: -2.5048065}
    - {x: 0.05, y: 0, z: -2.95}
    - {x: 2.95, y: 0, z: -2.95}
    - {x: 0.49945068, y: 0, z: -2.5048065}
    - {x: 2.5005493, y: 0, z: -2.5048065}
    - {x: 0.05, y: 0, z: -0.05}
    - {x: 0.49945068, y: 0, z: -0.49519348}
    - {x: 2.95, y: 0, z: -0.05}
    - {x: 2.5005493, y: 0, z: -0.49519348}
    - {x: 0.99972534, y: 0.2, z: -1.5}
    - {x: 0.49945068, y: 0.2, z: -1.5}
    - {x: 0.49945068, y: 0.2, z: -0.99759674}
    - {x: 0.99972534, y: 0.2, z: -0.99759674}
    - {x: 0.49945068, y: 0.2, z: -0.49519348}
    - {x: 0.99972534, y: 0.2, z: -0.49519348}
    - {x: 1.5, y: 0.2, z: -0.99759674}
    - {x: 1.5, y: 0.2, z: -0.49519348}
    - {x: 2.5005493, y: 0.2, z: -1.5}
    - {x: 2.0002747, y: 0.2, z: -1.5}
    - {x: 2.0002747, y: 0.2, z: -0.99759674}
    - {x: 2.5005493, y: 0.2, z: -0.99759674}
    - {x: 2.0002747, y: 0.2, z: -0.49519348}
    - {x: 2.5005493, y: 0.2, z: -0.49519348}
    - {x: 2.5005493, y: 0.2, z: -2.5048065}
    - {x: 2.0002747, y: 0.2, z: -2.5048065}
    - {x: 2.0002747, y: 0.2, z: -2.0024033}
    - {x: 2.5005493, y: 0.2, z: -2.0024033}
    - {x: 1.5, y: 0.2, z: -2.5048065}
    - {x: 1.5, y: 0.2, z: -2.0024033}
    - {x: 0.99972534, y: 0.2, z: -2.5048065}
    - {x: 0.99972534, y: 0.2, z: -2.0024033}
    - {x: 0.49945068, y: 0.2, z: -2.5048065}
    - {x: 0.49945068, y: 0.2, z: -2.0024033}
    - {x: 0.99972534, y: 0.05, z: -2.0024033}
    - {x: 1.5, y: 0.05, z: -2.5048065}
    - {x: 1.5, y: 0.05, z: -2.0024033}
    - {x: 0.99972534, y: 0.05, z: -2.5048065}
    - {x: 0.49945068, y: 0.05, z: -1.5}
    - {x: 0.99972534, y: 0.05, z: -1.5}
    - {x: 0.49945068, y: 0.05, z: -2.0024033}
    - {x: 0.49945068, y: 0.05, z: -2.5048065}
    - {x: 2.0002747, y: 0.05, z: -2.0024033}
    - {x: 2.5005493, y: 0.05, z: -2.5048065}
    - {x: 2.5005493, y: 0.05, z: -2.0024033}
    - {x: 2.0002747, y: 0.05, z: -2.5048065}
    - {x: 2.0002747, y: 0.05, z: -1.5}
    - {x: 2.5005493, y: 0.05, z: -1.5}
    - {x: 2.0002747, y: 0.05, z: -0.99759674}
    - {x: 2.5005493, y: 0.05, z: -0.99759674}
    - {x: 2.0002747, y: 0.05, z: -0.49519348}
    - {x: 2.5005493, y: 0.05, z: -0.49519348}
    - {x: 1.5, y: 0.05, z: -0.49519348}
    - {x: 1.5, y: 0.05, z: -0.99759674}
    - {x: 0.99972534, y: 0.05, z: -0.49519348}
    - {x: 0.99972534, y: 0.05, z: -0.99759674}
    - {x: 0.49945068, y: 0.05, z: -0.49519348}
    - {x: 0.49945068, y: 0.05, z: -0.99759674}
    - {x: 0.49945068, y: 0.25, z: -0.49519348}
    - {x: 2.5005493, y: 0.25, z: -0.49519348}
    - {x: 1.5, y: 0.2, z: -0.49519348}
    - {x: 2.0002747, y: 0.2, z: -0.49519348}
    - {x: 2.5005493, y: 0.2, z: -0.49519348}
    - {x: 0.99972534, y: 0.2, z: -0.49519348}
    - {x: 0.49945068, y: 0.2, z: -0.49519348}
    - {x: 0.49945068, y: 0.25, z: -0.49519348}
    - {x: 0.49945068, y: 0.2, z: -0.49519348}
    - {x: 0.49945068, y: 0.2, z: -0.99759674}
    - {x: 0.49945068, y: 0.2, z: -1.5}
    - {x: 0.49945068, y: 0.2, z: -2.0024033}
    - {x: 0.49945068, y: 0.2, z: -2.5048065}
    - {x: 0.49945068, y: 0.25, z: -2.5048065}
    - {x: 2.5005493, y: 0.25, z: -0.49519348}
    - {x: 2.5005493, y: 0.25, z: -2.5048065}
    - {x: 2.5005493, y: 0.2, z: -1.5}
    - {x: 2.5005493, y: 0.2, z: -2.0024033}
    - {x: 2.5005493, y: 0.2, z: -2.5048065}
    - {x: 2.5005493, y: 0.2, z: -0.99759674}
    - {x: 2.5005493, y: 0.2, z: -0.49519348}
    - {x: 0.49945068, y: 0.25, z: -2.5048065}
    - {x: 0.49945068, y: 0.2, z: -2.5048065}
    - {x: 0.99972534, y: 0.2, z: -2.5048065}
    - {x: 1.5, y: 0.2, z: -2.5048065}
    - {x: 2.0002747, y: 0.2, z: -2.5048065}
    - {x: 2.5005493, y: 0.2, z: -2.5048065}
    - {x: 2.5005493, y: 0.25, z: -2.5048065}
    - {x: 0.49945068, y: 0.05, z: -2.5048065}
    - {x: 0.49945068, y: 0, z: -2.5048065}
    - {x: 0.99972534, y: 0.05, z: -2.5048065}
    - {x: 1.5, y: 0.05, z: -2.5048065}
    - {x: 2.5005493, y: 0, z: -2.5048065}
    - {x: 2.0002747, y: 0.05, z: -2.5048065}
    - {x: 2.5005493, y: 0.05, z: -2.5048065}
    - {x: 0.49945068, y: 0.05, z: -0.49519348}
    - {x: 0.49945068, y: 0, z: -0.49519348}
    - {x: 0.49945068, y: 0.05, z: -0.99759674}
    - {x: 0.49945068, y: 0.05, z: -1.5}
    - {x: 0.49945068, y: 0, z: -2.5048065}
    - {x: 0.49945068, y: 0.05, z: -2.0024033}
    - {x: 0.49945068, y: 0.05, z: -2.5048065}
    - {x: 2.5005493, y: 0.05, z: -2.0024033}
    - {x: 2.5005493, y: 0.05, z: -2.5048065}
    - {x: 2.5005493, y: 0, z: -2.5048065}
    - {x: 2.5005493, y: 0.05, z: -1.5}
    - {x: 2.5005493, y: 0, z: -0.49519348}
    - {x: 2.5005493, y: 0.05, z: -0.99759674}
    - {x: 2.5005493, y: 0.05, z: -0.49519348}
    - {x: 2.0002747, y: 0.05, z: -0.49519348}
    - {x: 2.5005493, y: 0.05, z: -0.49519348}
    - {x: 2.5005493, y: 0, z: -0.49519348}
    - {x: 1.5, y: 0.05, z: -0.49519348}
    - {x: 0.49945068, y: 0, z: -0.49519348}
    - {x: 0.99972534, y: 0.05, z: -0.49519348}
    - {x: 0.49945068, y: 0.05, z: -0.49519348}
    - {x: 1.5, y: 0.05, z: -2.0024033}
    - {x: 2.0002747, y: 0.05, z: -2.0024033}
    - {x: 1.5, y: 0, z: -2.0024033}
    - {x: 2.0002747, y: 0, z: -2.0024033}
    - {x: 0.99972534, y: 0.05, z: -1.5}
    - {x: 0.99972534, y: 0.05, z: -2.0024033}
    - {x: 0.99972534, y: 0, z: -1.5}
    - {x: 0.99972534, y: 0, z: -2.0024033}
    - {x: 0.99972534, y: 0.05, z: -2.0024033}
    - {x: 0.99972534, y: 0, z: -2.0024033}
    - {x: 2.0002747, y: 0.05, z: -2.0024033}
    - {x: 2.0002747, y: 0.05, z: -1.5}
    - {x: 2.0002747, y: 0, z: -2.0024033}
    - {x: 2.0002747, y: 0, z: -1.5}
    - {x: 0.99972534, y: 0.05, z: -0.99759674}
    - {x: 0.99972534, y: 0, z: -0.99759674}
    - {x: 2.0002747, y: 0.05, z: -0.99759674}
    - {x: 2.0002747, y: 0, z: -0.99759674}
    - {x: 2.0002747, y: 0.05, z: -0.99759674}
    - {x: 1.5, y: 0.05, z: -0.99759674}
    - {x: 2.0002747, y: 0, z: -0.99759674}
    - {x: 1.5, y: 0, z: -0.99759674}
    - {x: 0.99972534, y: 0.05, z: -0.99759674}
    - {x: 0.99972534, y: 0, z: -0.99759674}
    - {x: 1.5, y: 0.2, z: -2.0024033}
    - {x: 0.99972534, y: 0.2, z: -2.0024033}
    - {x: 1.5, y: 0.25, z: -2.0024033}
    - {x: 0.99972534, y: 0.25, z: -2.0024033}
    - {x: 0.99972534, y: 0.2, z: -2.0024033}
    - {x: 0.99972534, y: 0.2, z: -1.5}
    - {x: 0.99972534, y: 0.25, z: -2.0024033}
    - {x: 0.99972534, y: 0.25, z: -1.5}
    - {x: 2.0002747, y: 0.2, z: -1.5}
    - {x: 2.0002747, y: 0.2, z: -2.0024033}
    - {x: 2.0002747, y: 0.25, z: -1.5}
    - {x: 2.0002747, y: 0.25, z: -2.0024033}
    - {x: 0.99972534, y: 0.2, z: -0.99759674}
    - {x: 0.99972534, y: 0.25, z: -0.99759674}
    - {x: 2.0002747, y: 0.2, z: -0.99759674}
    - {x: 2.0002747, y: 0.25, z: -0.99759674}
    - {x: 0.99972534, y: 0.2, z: -0.99759674}
    - {x: 1.5, y: 0.2, z: -0.99759674}
    - {x: 0.99972534, y: 0.25, z: -0.99759674}
    - {x: 1.5, y: 0.25, z: -0.99759674}
    - {x: 2.0002747, y: 0.2, z: -0.99759674}
    - {x: 2.0002747, y: 0.25, z: -0.99759674}
    - {x: 2.0002747, y: 0.2, z: -2.0024033}
    - {x: 2.0002747, y: 0.25, z: -2.0024033}
    - {x: 1.9801025, y: 0.2622261, z: -1.5}
    - {x: 1.5, y: 0.2622261, z: -1.5}
    - {x: 1.5, y: 0.2622261, z: -1.0273132}
    - {x: 1.9801025, y: 0.2622261, z: -1.0273132}
    - {x: 1.9801025, y: 0.2622261, z: -1.9726868}
    - {x: 1.5, y: 0.2622261, z: -1.9726868}
    - {x: 1.0198975, y: 0.2622261, z: -1.5}
    - {x: 1.0198975, y: 0.2622261, z: -1.0273132}
    - {x: 1.0198975, y: 0.2622261, z: -1.9726868}
    - {x: 1.0198975, y: -0.009086609, z: -1.5}
    - {x: 1.5, y: -0.009086609, z: -1.9726868}
    - {x: 1.5, y: -0.009086609, z: -1.5}
    - {x: 1.0198975, y: -0.009086609, z: -1.9726868}
    - {x: 1.9801025, y: -0.009086609, z: -1.9726868}
    - {x: 1.9801025, y: -0.009086609, z: -1.5}
    - {x: 1.5, y: -0.009086609, z: -1.0273132}
    - {x: 1.9801025, y: -0.009086609, z: -1.0273132}
    - {x: 1.0198975, y: -0.009086609, z: -1.0273132}
    - {x: 2.0002747, y: 0.25, z: -0.99759674}
    - {x: 2.0002747, y: 0.25, z: -1.5}
    - {x: 1.9801025, y: 0.2622261, z: -1.0273132}
    - {x: 1.9801025, y: 0.2622261, z: -1.5}
    - {x: 1.5, y: 0.25, z: -0.99759674}
    - {x: 2.0002747, y: 0.25, z: -0.99759674}
    - {x: 1.5, y: 0.2622261, z: -1.0273132}
    - {x: 1.9801025, y: 0.2622261, z: -1.0273132}
    - {x: 2.0002747, y: 0.25, z: -2.0024033}
    - {x: 1.5, y: 0.25, z: -2.0024033}
    - {x: 1.9801025, y: 0.2622261, z: -1.9726868}
    - {x: 1.5, y: 0.2622261, z: -1.9726868}
    - {x: 2.0002747, y: 0.25, z: -2.0024033}
    - {x: 1.9801025, y: 0.2622261, z: -1.9726868}
    - {x: 0.99972534, y: 0.25, z: -1.5}
    - {x: 0.99972534, y: 0.25, z: -0.99759674}
    - {x: 1.0198975, y: 0.2622261, z: -1.5}
    - {x: 1.0198975, y: 0.2622261, z: -1.0273132}
    - {x: 0.99972534, y: 0.25, z: -0.99759674}
    - {x: 1.0198975, y: 0.2622261, z: -1.0273132}
    - {x: 0.99972534, y: 0.25, z: -2.0024033}
    - {x: 1.0198975, y: 0.2622261, z: -1.9726868}
    - {x: 0.99972534, y: 0.25, z: -2.0024033}
    - {x: 1.0198975, y: 0.2622261, z: -1.9726868}
    - {x: 0.99972534, y: 0, z: -1.5}
    - {x: 0.99972534, y: 0, z: -2.0024033}
    - {x: 1.0198975, y: -0.009086609, z: -1.5}
    - {x: 1.0198975, y: -0.009086609, z: -1.9726868}
    - {x: 0.99972534, y: 0, z: -2.0024033}
    - {x: 1.5, y: 0, z: -2.0024033}
    - {x: 1.0198975, y: -0.009086609, z: -1.9726868}
    - {x: 1.5, y: -0.009086609, z: -1.9726868}
    - {x: 2.0002747, y: 0, z: -2.0024033}
    - {x: 2.0002747, y: 0, z: -1.5}
    - {x: 1.9801025, y: -0.009086609, z: -1.9726868}
    - {x: 1.9801025, y: -0.009086609, z: -1.5}
    - {x: 2.0002747, y: 0, z: -2.0024033}
    - {x: 1.9801025, y: -0.009086609, z: -1.9726868}
    - {x: 2.0002747, y: 0, z: -0.99759674}
    - {x: 1.9801025, y: -0.009086609, z: -1.0273132}
    - {x: 2.0002747, y: 0, z: -0.99759674}
    - {x: 1.5, y: 0, z: -0.99759674}
    - {x: 1.9801025, y: -0.009086609, z: -1.0273132}
    - {x: 1.5, y: -0.009086609, z: -1.0273132}
    - {x: 0.99972534, y: 0, z: -0.99759674}
    - {x: 1.0198975, y: -0.009086609, z: -1.0273132}
    - {x: 0.99972534, y: 0, z: -0.99759674}
    - {x: 1.0198975, y: -0.009086609, z: -1.0273132}
    normals:
    - {x: 0, y: 0, z: 1}
    - {x: 0, y: 0, z: 1}
    - {x: 0, y: 0, z: 1}
    - {x: 0, y: 0, z: 1}
    - {x: 1, y: 0, z: 0}
    - {x: 1, y: 0, z: 0}
    - {x: 1, y: 0, z: 0}
    - {x: 1, y: 0, z: 0}
    - {x: 0, y: 0, z: -1}
    - {x: 0, y: 0, z: -1}
    - {x: 0, y: 0, z: -1}
    - {x: 0, y: 0, z: -1}
    - {x: -1, y: 0, z: 0}
    - {x: -1, y: 0, z: 0}
    - {x: -1, y: 0, z: 0}
    - {x: -1, y: 0, z: 0}
    - {x: 0, y: 0.7071069, z: 0.70710677}
    - {x: 0, y: 0.7071069, z: 0.70710677}
    - {x: 0, y: 0.7071069, z: 0.70710677}
    - {x: 0, y: 0.7071069, z: 0.70710677}
    - {x: -0.70710677, y: 0.7071069, z: 0}
    - {x: -0.70710677, y: 0.7071069, z: 0}
    - {x: -0.70710677, y: 0.7071069, z: 0}
    - {x: -0.70710677, y: 0.7071069, z: 0}
    - {x: 0.7071071, y: 0.7071065, z: 0}
    - {x: 0.7071071, y: 0.7071065, z: 0}
    - {x: 0.7071071, y: 0.7071065, z: 0}
    - {x: 0.7071071, y: 0.70710653, z: 0}
    - {x: 0, y: 0.7071065, z: -0.7071071}
    - {x: 0, y: 0.7071065, z: -0.7071071}
    - {x: 0, y: 0.7071065, z: -0.7071071}
    - {x: 0, y: 0.70710653, z: -0.7071071}
    - {x: 0, y: -0.7071065, z: -0.7071072}
    - {x: 0, y: -0.7071065, z: -0.7071072}
    - {x: 0, y: -0.7071065, z: -0.7071071}
    - {x: 0, y: -0.7071065, z: -0.7071072}
    - {x: -0.7071068, y: -0.7071068, z: 0}
    - {x: -0.7071068, y: -0.7071068, z: 0}
    - {x: -0.7071068, y: -0.7071068, z: 0}
    - {x: -0.7071068, y: -0.7071068, z: 0}
    - {x: 0.7071072, y: -0.7071065, z: 0}
    - {x: 0.7071072, y: -0.7071065, z: 0}
    - {x: 0.7071071, y: -0.7071065, z: 0}
    - {x: 0.7071072, y: -0.7071065, z: 0}
    - {x: 0, y: -0.7071068, z: 0.7071068}
    - {x: 0, y: -0.7071068, z: 0.7071068}
    - {x: 0, y: -0.7071068, z: 0.7071068}
    - {x: 0, y: -0.7071068, z: 0.7071068}
    - {x: 0, y: 1, z: 0}
    - {x: 0, y: 1, z: 0}
    - {x: 0, y: 1, z: 0}
    - {x: 0, y: 1, z: 0}
    - {x: 0, y: 1, z: 0}
    - {x: 0, y: 1, z: 0}
    - {x: 0, y: 1, z: 0}
    - {x: 0, y: 1, z: 0}
    - {x: 0, y: -1, z: 0}
    - {x: 0, y: -1, z: 0}
    - {x: 0, y: -1, z: 0}
    - {x: 0, y: -1, z: 0}
    - {x: 0, y: -1, z: 0}
    - {x: 0, y: -1, z: 0}
    - {x: 0, y: -1, z: 0}
    - {x: 0, y: -1, z: 0}
    - {x: 0, y: 1, z: 0}
    - {x: 0, y: 1, z: 0}
    - {x: 0, y: 1, z: 0}
    - {x: 0, y: 1, z: 0}
    - {x: 0, y: 1, z: 0}
    - {x: 0, y: 1, z: 0}
    - {x: 0, y: 1, z: 0}
    - {x: 0, y: 1, z: 0}
    - {x: 0, y: 1, z: 0}
    - {x: 0, y: 1, z: 0}
    - {x: 0, y: 1, z: 0}
    - {x: 0, y: 1, z: 0}
    - {x: 0, y: 1, z: 0}
    - {x: 0, y: 1, z: 0}
    - {x: 0, y: 1, z: 0}
    - {x: 0, y: 1, z: 0}
    - {x: 0, y: 1, z: 0}
    - {x: 0, y: 1, z: 0}
    - {x: 0, y: 1, z: 0}
    - {x: 0, y: 1, z: 0}
    - {x: 0, y: 1, z: 0}
    - {x: 0, y: 1, z: 0}
    - {x: 0, y: 1, z: 0}
    - {x: 0, y: 1, z: 0}
    - {x: 0, y: -1, z: 0}
    - {x: 0, y: -1, z: 0}
    - {x: 0, y: -1, z: 0}
    - {x: 0, y: -1, z: 0}
    - {x: 0, y: -1, z: 0}
    - {x: 0, y: -1, z: 0}
    - {x: 0, y: -1, z: 0}
    - {x: 0, y: -1, z: 0}
    - {x: 0, y: -1, z: 0}
    - {x: 0, y: -1, z: 0}
    - {x: 0, y: -1, z: 0}
    - {x: 0, y: -1, z: 0}
    - {x: 0, y: -1, z: 0}
    - {x: 0, y: -1, z: 0}
    - {x: 0, y: -1, z: 0}
    - {x: 0, y: -1, z: 0}
    - {x: 0, y: -1, z: 0}
    - {x: 0, y: -1, z: 0}
    - {x: 0, y: -1, z: 0}
    - {x: 0, y: -1, z: 0}
    - {x: 0, y: -1, z: 0}
    - {x: 0, y: -1, z: 0}
    - {x: 0, y: -1, z: 0}
    - {x: 0, y: -1, z: 0}
    - {x: 0, y: 0, z: -1}
    - {x: 0, y: 0, z: -1}
    - {x: 0, y: 0, z: -1}
    - {x: 0, y: 0, z: -1}
    - {x: 0, y: 0, z: -1}
    - {x: 0, y: 0, z: -1}
    - {x: 0, y: 0, z: -1}
    - {x: 1, y: 0, z: 0}
    - {x: 1, y: 0, z: 0}
    - {x: 1, y: 0, z: 0}
    - {x: 1, y: 0, z: 0}
    - {x: 1, y: 0, z: 0}
    - {x: 1, y: 0, z: 0}
    - {x: 1, y: 0, z: 0}
    - {x: -1, y: 0, z: 0}
    - {x: -1, y: 0, z: 0}
    - {x: -1, y: 0, z: 0}
    - {x: -1, y: 0, z: 0}
    - {x: -1, y: 0, z: 0}
    - {x: -1, y: 0, z: 0}
    - {x: -1, y: 0, z: 0}
    - {x: 0, y: 0, z: 1}
    - {x: 0, y: 0, z: 1}
    - {x: 0, y: 0, z: 1}
    - {x: 0, y: 0, z: 1}
    - {x: 0, y: 0, z: 1}
    - {x: 0, y: 0, z: 1}
    - {x: 0, y: 0, z: 1}
    - {x: 0, y: 0, z: 1}
    - {x: 0, y: 0, z: 1}
    - {x: 0, y: 0, z: 1}
    - {x: 0, y: 0, z: 1}
    - {x: 0, y: 0, z: 1}
    - {x: 0, y: 0, z: 1}
    - {x: 0, y: 0, z: 1}
    - {x: 1, y: 0, z: 0}
    - {x: 1, y: 0, z: 0}
    - {x: 1, y: 0, z: 0}
    - {x: 1, y: 0, z: 0}
    - {x: 1, y: 0, z: 0}
    - {x: 1, y: 0, z: 0}
    - {x: 1, y: 0, z: 0}
    - {x: -1, y: 0, z: 0}
    - {x: -1, y: 0, z: 0}
    - {x: -1, y: 0, z: 0}
    - {x: -1, y: 0, z: 0}
    - {x: -1, y: 0, z: 0}
    - {x: -1, y: 0, z: 0}
    - {x: -1, y: 0, z: 0}
    - {x: 0, y: 0, z: -1}
    - {x: 0, y: 0, z: -1}
    - {x: 0, y: 0, z: -1}
    - {x: 0, y: 0, z: -1}
    - {x: 0, y: 0, z: -1}
    - {x: 0, y: 0, z: -1}
    - {x: 0, y: 0, z: -1}
    - {x: 0, y: 0, z: -1}
    - {x: 0, y: 0, z: -1}
    - {x: 0, y: 0, z: -1}
    - {x: 0, y: 0, z: -1}
    - {x: -1, y: 0, z: 0}
    - {x: -1, y: 0, z: 0}
    - {x: -1, y: 0, z: 0}
    - {x: -1, y: 0, z: 0}
    - {x: 0, y: 0, z: -1}
    - {x: 0, y: 0, z: -1}
    - {x: 1, y: 0, z: 0}
    - {x: 1, y: 0, z: 0}
    - {x: 1, y: 0, z: 0}
    - {x: 1, y: 0, z: 0}
    - {x: -1, y: 0, z: 0}
    - {x: -1, y: 0, z: 0}
    - {x: 1, y: 0, z: 0}
    - {x: 1, y: 0, z: 0}
    - {x: 0, y: 0, z: 1}
    - {x: 0, y: 0, z: 1}
    - {x: 0, y: 0, z: 1}
    - {x: 0, y: 0, z: 1}
    - {x: 0, y: 0, z: 1}
    - {x: 0, y: 0, z: 1}
    - {x: 0, y: 0, z: -1}
    - {x: 0, y: 0, z: -1}
    - {x: 0, y: 0, z: -1}
    - {x: 0, y: 0, z: -1}
    - {x: -1, y: 0, z: 0}
    - {x: -1, y: 0, z: 0}
    - {x: -1, y: 0, z: 0}
    - {x: -1, y: 0, z: 0}
    - {x: 1, y: 0, z: 0}
    - {x: 1, y: 0, z: 0}
    - {x: 1, y: 0, z: 0}
    - {x: 1, y: 0, z: 0}
    - {x: -1, y: 0, z: 0}
    - {x: -1, y: 0, z: 0}
    - {x: 1, y: 0, z: 0}
    - {x: 1, y: 0, z: 0}
    - {x: 0, y: 0, z: 1}
    - {x: 0, y: 0, z: 1}
    - {x: 0, y: 0, z: 1}
    - {x: 0, y: 0, z: 1}
    - {x: 0, y: 0, z: 1}
    - {x: 0, y: 0, z: 1}
    - {x: 0, y: 0, z: -1}
    - {x: 0, y: 0, z: -1}
    - {x: 0, y: 1, z: 0}
    - {x: 0, y: 1, z: 0}
    - {x: 0, y: 1, z: 0}
    - {x: 0, y: 1, z: 0}
    - {x: 0, y: 1, z: 0}
    - {x: 0, y: 1, z: 0}
    - {x: 0, y: 1, z: 0}
    - {x: 0, y: 1, z: 0}
    - {x: 0, y: 1, z: 0}
    - {x: 0, y: -1, z: 0}
    - {x: 0, y: -1, z: 0}
    - {x: 0, y: -1, z: 0}
    - {x: 0, y: -1, z: 0}
    - {x: 0, y: -1, z: 0}
    - {x: 0, y: -1, z: 0}
    - {x: 0, y: -1, z: 0}
    - {x: 0, y: -1, z: 0}
    - {x: 0, y: -1, z: 0}
    - {x: 0.5183196, y: 0.855187, z: 0}
    - {x: 0.5183196, y: 0.855187, z: 0}
    - {x: 0.5183196, y: 0.855187, z: 0}
    - {x: 0.51831967, y: 0.855187, z: 0}
    - {x: 0, y: 0.9247887, z: 0.3804811}
    - {x: 0, y: 0.9247887, z: 0.3804811}
    - {x: 0, y: 0.9247887, z: 0.3804811}
    - {x: 0, y: 0.9247887, z: 0.3804811}
    - {x: 0, y: 0.9247887, z: -0.3804811}
    - {x: 0, y: 0.9247887, z: -0.3804811}
    - {x: 0, y: 0.9247887, z: -0.3804811}
    - {x: 0, y: 0.9247887, z: -0.3804811}
    - {x: 0.5183196, y: 0.855187, z: 0}
    - {x: 0.51831967, y: 0.855187, z: 0}
    - {x: -0.5183196, y: 0.855187, z: 0}
    - {x: -0.5183196, y: 0.855187, z: 0}
    - {x: -0.5183196, y: 0.855187, z: 0}
    - {x: -0.51831967, y: 0.855187, z: 0}
    - {x: 0, y: 0.9247887, z: 0.3804811}
    - {x: 0, y: 0.9247887, z: 0.3804811}
    - {x: 0, y: 0.9247887, z: -0.3804811}
    - {x: 0, y: 0.9247887, z: -0.3804811}
    - {x: -0.5183196, y: 0.855187, z: 0}
    - {x: -0.5183196, y: 0.855187, z: 0}
    - {x: -0.41070879, y: -0.9117666, z: 0}
    - {x: -0.41070879, y: -0.9117666, z: 0}
    - {x: -0.41070879, y: -0.9117666, z: 0}
    - {x: -0.4107088, y: -0.9117666, z: 0}
    - {x: 0, y: -0.9562925, z: -0.29241192}
    - {x: 0, y: -0.9562925, z: -0.29241192}
    - {x: 0, y: -0.9562925, z: -0.29241192}
    - {x: 0, y: -0.9562925, z: -0.29241192}
    - {x: 0.41070879, y: -0.9117666, z: 0}
    - {x: 0.41070879, y: -0.9117666, z: 0}
    - {x: 0.41070879, y: -0.9117666, z: 0}
    - {x: 0.4107088, y: -0.9117666, z: 0}
    - {x: 0, y: -0.9562925, z: -0.29241192}
    - {x: 0, y: -0.9562925, z: -0.29241192}
    - {x: 0.41070879, y: -0.9117666, z: 0}
    - {x: 0.4107088, y: -0.9117666, z: 0}
    - {x: 0, y: -0.9562925, z: 0.29241192}
    - {x: 0, y: -0.9562925, z: 0.29241192}
    - {x: 0, y: -0.9562925, z: 0.29241192}
    - {x: 0, y: -0.9562925, z: 0.29241192}
    - {x: 0, y: -0.9562925, z: 0.29241192}
    - {x: 0, y: -0.9562925, z: 0.29241192}
    - {x: -0.41070879, y: -0.9117666, z: 0}
    - {x: -0.41070879, y: -0.9117666, z: 0}
    colors:
    - serializedVersion: 2
      rgba: 255
    - serializedVersion: 2
      rgba: 0
    - serializedVersion: 2
      rgba: 255
    - serializedVersion: 2
      rgba: 0
    - serializedVersion: 2
      rgba: 0
    - serializedVersion: 2
      rgba: 0
    - serializedVersion: 2
      rgba: 0
    - serializedVersion: 2
      rgba: 0
    - serializedVersion: 2
      rgba: 0
    - serializedVersion: 2
      rgba: 0
    - serializedVersion: 2
      rgba: 0
    - serializedVersion: 2
      rgba: 0
    - serializedVersion: 2
      rgba: 0
    - serializedVersion: 2
      rgba: 255
    - serializedVersion: 2
      rgba: 0
    - serializedVersion: 2
      rgba: 255
    - serializedVersion: 2
      rgba: 0
    - serializedVersion: 2
      rgba: 255
    - serializedVersion: 2
      rgba: 0
    - serializedVersion: 2
      rgba: 255
    - serializedVersion: 2
      rgba: 255
    - serializedVersion: 2
      rgba: 0
    - serializedVersion: 2
      rgba: 255
    - serializedVersion: 2
      rgba: 0
    - serializedVersion: 2
      rgba: 0
    - serializedVersion: 2
      rgba: 0
    - serializedVersion: 2
      rgba: 0
    - serializedVersion: 2
      rgba: 0
    - serializedVersion: 2
      rgba: 0
    - serializedVersion: 2
      rgba: 0
    - serializedVersion: 2
      rgba: 0
    - serializedVersion: 2
      rgba: 0
    - serializedVersion: 2
      rgba: 0
    - serializedVersion: 2
      rgba: 0
    - serializedVersion: 2
      rgba: 0
    - serializedVersion: 2
      rgba: 0
    - serializedVersion: 2
      rgba: 0
    - serializedVersion: 2
      rgba: 255
    - serializedVersion: 2
      rgba: 0
    - serializedVersion: 2
      rgba: 255
    - serializedVersion: 2
      rgba: 0
    - serializedVersion: 2
      rgba: 0
    - serializedVersion: 2
      rgba: 0
    - serializedVersion: 2
      rgba: 0
    - serializedVersion: 2
      rgba: 255
    - serializedVersion: 2
      rgba: 0
    - serializedVersion: 2
      rgba: 255
    - serializedVersion: 2
      rgba: 0
    - serializedVersion: 2
      rgba: 255
    - serializedVersion: 2
      rgba: 0
    - serializedVersion: 2
      rgba: 255
    - serializedVersion: 2
      rgba: 255
    - serializedVersion: 2
      rgba: 0
    - serializedVersion: 2
      rgba: 254
    - serializedVersion: 2
      rgba: 0
    - serializedVersion: 2
      rgba: 0
    - serializedVersion: 2
      rgba: 0
    - serializedVersion: 2
      rgba: 0
    - serializedVersion: 2
      rgba: 254
    - serializedVersion: 2
      rgba: 0
    - serializedVersion: 2
      rgba: 255
    - serializedVersion: 2
      rgba: 255
    - serializedVersion: 2
      rgba: 0
    - serializedVersion: 2
      rgba: 255
    - serializedVersion: 2
      rgba: 255
    - serializedVersion: 2
      rgba: 255
    - serializedVersion: 2
      rgba: 254
    - serializedVersion: 2
      rgba: 255
    - serializedVersion: 2
      rgba: 255
    - serializedVersion: 2
      rgba: 255
    - serializedVersion: 2
      rgba: 255
    - serializedVersion: 2
      rgba: 247
    - serializedVersion: 2
      rgba: 224
    - serializedVersion: 2
      rgba: 254
    - serializedVersion: 2
      rgba: 255
    - serializedVersion: 2
      rgba: 255
    - serializedVersion: 2
      rgba: 255
    - serializedVersion: 2
      rgba: 255
    - serializedVersion: 2
      rgba: 0
    - serializedVersion: 2
      rgba: 0
    - serializedVersion: 2
      rgba: 0
    - serializedVersion: 2
      rgba: 0
    - serializedVersion: 2
      rgba: 0
    - serializedVersion: 2
      rgba: 255
    - serializedVersion: 2
      rgba: 255
    - serializedVersion: 2
      rgba: 255
    - serializedVersion: 2
      rgba: 254
    - serializedVersion: 2
      rgba: 255
    - serializedVersion: 2
      rgba: 255
    - serializedVersion: 2
      rgba: 0
    - serializedVersion: 2
      rgba: 254
    - serializedVersion: 2
      rgba: 254
    - serializedVersion: 2
      rgba: 255
    - serializedVersion: 2
      rgba: 255
    - serializedVersion: 2
      rgba: 255
    - serializedVersion: 2
      rgba: 254
    - serializedVersion: 2
      rgba: 0
    - serializedVersion: 2
      rgba: 0
    - serializedVersion: 2
      rgba: 0
    - serializedVersion: 2
      rgba: 0
    - serializedVersion: 2
      rgba: 253
    - serializedVersion: 2
      rgba: 198
    - serializedVersion: 2
      rgba: 255
    - serializedVersion: 2
      rgba: 255
    - serializedVersion: 2
      rgba: 255
    - serializedVersion: 2
      rgba: 255
    - serializedVersion: 2
      rgba: 229
    - serializedVersion: 2
      rgba: 255
    - serializedVersion: 2
      rgba: 255
    - serializedVersion: 2
      rgba: 254
    - serializedVersion: 2
      rgba: 255
    - serializedVersion: 2
      rgba: 252
    - serializedVersion: 2
      rgba: 255
    - serializedVersion: 2
      rgba: 255
    - serializedVersion: 2
      rgba: 247
    - serializedVersion: 2
      rgba: 255
    - serializedVersion: 2
      rgba: 255
    - serializedVersion: 2
      rgba: 255
    - serializedVersion: 2
      rgba: 255
    - serializedVersion: 2
      rgba: 255
    - serializedVersion: 2
      rgba: 255
    - serializedVersion: 2
      rgba: 254
    - serializedVersion: 2
      rgba: 255
    - serializedVersion: 2
      rgba: 255
    - serializedVersion: 2
      rgba: 254
    - serializedVersion: 2
      rgba: 254
    - serializedVersion: 2
      rgba: 255
    - serializedVersion: 2
      rgba: 0
    - serializedVersion: 2
      rgba: 224
    - serializedVersion: 2
      rgba: 0
    - serializedVersion: 2
      rgba: 0
    - serializedVersion: 2
      rgba: 255
    - serializedVersion: 2
      rgba: 255
    - serializedVersion: 2
      rgba: 254
    - serializedVersion: 2
      rgba: 254
    - serializedVersion: 2
      rgba: 255
    - serializedVersion: 2
      rgba: 0
    - serializedVersion: 2
      rgba: 0
    - serializedVersion: 2
      rgba: 0
    - serializedVersion: 2
      rgba: 0
    - serializedVersion: 2
      rgba: 254
    - serializedVersion: 2
      rgba: 254
    - serializedVersion: 2
      rgba: 254
    - serializedVersion: 2
      rgba: 0
    - serializedVersion: 2
      rgba: 0
    - serializedVersion: 2
      rgba: 0
    - serializedVersion: 2
      rgba: 0
    - serializedVersion: 2
      rgba: 255
    - serializedVersion: 2
      rgba: 255
    - serializedVersion: 2
      rgba: 252
    - serializedVersion: 2
      rgba: 255
    - serializedVersion: 2
      rgba: 254
    - serializedVersion: 2
      rgba: 255
    - serializedVersion: 2
      rgba: 254
    - serializedVersion: 2
      rgba: 0
    - serializedVersion: 2
      rgba: 0
    - serializedVersion: 2
      rgba: 0
    - serializedVersion: 2
      rgba: 198
    - serializedVersion: 2
      rgba: 255
    - serializedVersion: 2
      rgba: 255
    - serializedVersion: 2
      rgba: 255
    - serializedVersion: 2
      rgba: 255
    - serializedVersion: 2
      rgba: 255
    - serializedVersion: 2
      rgba: 255
    - serializedVersion: 2
      rgba: 229
    - serializedVersion: 2
      rgba: 255
    - serializedVersion: 2
      rgba: 255
    - serializedVersion: 2
      rgba: 255
    - serializedVersion: 2
      rgba: 254
    - serializedVersion: 2
      rgba: 0
    - serializedVersion: 2
      rgba: 254
    - serializedVersion: 2
      rgba: 0
    - serializedVersion: 2
      rgba: 255
    - serializedVersion: 2
      rgba: 255
    - serializedVersion: 2
      rgba: 255
    - serializedVersion: 2
      rgba: 255
    - serializedVersion: 2
      rgba: 255
    - serializedVersion: 2
      rgba: 255
    - serializedVersion: 2
      rgba: 0
    - serializedVersion: 2
      rgba: 253
    - serializedVersion: 2
      rgba: 0
    - serializedVersion: 2
      rgba: 245
    - serializedVersion: 2
      rgba: 254
    - serializedVersion: 2
      rgba: 254
    - serializedVersion: 2
      rgba: 255
    - serializedVersion: 2
      rgba: 255
    - serializedVersion: 2
      rgba: 255
    - serializedVersion: 2
      rgba: 255
    - serializedVersion: 2
      rgba: 255
    - serializedVersion: 2
      rgba: 255
    - serializedVersion: 2
      rgba: 254
    - serializedVersion: 2
      rgba: 254
    - serializedVersion: 2
      rgba: 255
    - serializedVersion: 2
      rgba: 255
    - serializedVersion: 2
      rgba: 255
    - serializedVersion: 2
      rgba: 255
    - serializedVersion: 2
      rgba: 255
    - serializedVersion: 2
      rgba: 255
    - serializedVersion: 2
      rgba: 255
    - serializedVersion: 2
      rgba: 255
    - serializedVersion: 2
      rgba: 254
    - serializedVersion: 2
      rgba: 0
    - serializedVersion: 2
      rgba: 254
    - serializedVersion: 2
      rgba: 0
    - serializedVersion: 2
      rgba: 255
    - serializedVersion: 2
      rgba: 255
    - serializedVersion: 2
      rgba: 255
    - serializedVersion: 2
      rgba: 255
    - serializedVersion: 2
      rgba: 255
    - serializedVersion: 2
      rgba: 255
    - serializedVersion: 2
      rgba: 255
    - serializedVersion: 2
      rgba: 255
    - serializedVersion: 2
      rgba: 255
    - serializedVersion: 2
      rgba: 255
    - serializedVersion: 2
      rgba: 0
    - serializedVersion: 2
      rgba: 0
    - serializedVersion: 2
      rgba: 254
    - serializedVersion: 2
      rgba: 255
    - serializedVersion: 2
      rgba: 255
    - serializedVersion: 2
      rgba: 255
    - serializedVersion: 2
      rgba: 0
    - serializedVersion: 2
      rgba: 255
    - serializedVersion: 2
      rgba: 255
    - serializedVersion: 2
      rgba: 255
    - serializedVersion: 2
      rgba: 255
    - serializedVersion: 2
      rgba: 255
    - serializedVersion: 2
      rgba: 254
    - serializedVersion: 2
      rgba: 255
    - serializedVersion: 2
      rgba: 255
    - serializedVersion: 2
      rgba: 0
    - serializedVersion: 2
      rgba: 249
    - serializedVersion: 2
      rgba: 255
    - serializedVersion: 2
      rgba: 255
    - serializedVersion: 2
      rgba: 254
    - serializedVersion: 2
      rgba: 255
    - serializedVersion: 2
      rgba: 254
    - serializedVersion: 2
      rgba: 255
    - serializedVersion: 2
      rgba: 254
    - serializedVersion: 2
      rgba: 255
    - serializedVersion: 2
      rgba: 255
    - serializedVersion: 2
      rgba: 255
    - serializedVersion: 2
      rgba: 255
    - serializedVersion: 2
      rgba: 0
    - serializedVersion: 2
      rgba: 255
    - serializedVersion: 2
      rgba: 0
    - serializedVersion: 2
      rgba: 255
    - serializedVersion: 2
      rgba: 0
    - serializedVersion: 2
      rgba: 0
    - serializedVersion: 2
      rgba: 255
    - serializedVersion: 2
      rgba: 255
    - serializedVersion: 2
      rgba: 255
    - serializedVersion: 2
      rgba: 255
    - serializedVersion: 2
      rgba: 255
    - serializedVersion: 2
      rgba: 255
    - serializedVersion: 2
      rgba: 255
    - serializedVersion: 2
      rgba: 255
    - serializedVersion: 2
      rgba: 255
    - serializedVersion: 2
      rgba: 255
    - serializedVersion: 2
      rgba: 255
    - serializedVersion: 2
      rgba: 255
    - serializedVersion: 2
      rgba: 255
    - serializedVersion: 2
      rgba: 255
    - serializedVersion: 2
      rgba: 255
    - serializedVersion: 2
      rgba: 254
    - serializedVersion: 2
      rgba: 255
    - serializedVersion: 2
      rgba: 254
    - serializedVersion: 2
      rgba: 0
    - serializedVersion: 2
      rgba: 245
    - serializedVersion: 2
      rgba: 0
    - serializedVersion: 2
      rgba: 249
    - serializedVersion: 2
      rgba: 0
    - serializedVersion: 2
      rgba: 0
    - serializedVersion: 2
      rgba: 255
    - serializedVersion: 2
      rgba: 255
    - serializedVersion: 2
      rgba: 255
    - serializedVersion: 2
      rgba: 255
    - serializedVersion: 2
      rgba: 255
    - serializedVersion: 2
      rgba: 255
    - serializedVersion: 2
      rgba: 254
    - serializedVersion: 2
      rgba: 254
    - serializedVersion: 2
      rgba: 254
    - serializedVersion: 2
      rgba: 254
    tangents:
    - {x: -1, y: 0, z: 0, w: -1}
    - {x: -1, y: 0, z: 0, w: -1}
    - {x: -1, y: 0, z: 0, w: -1}
    - {x: -1, y: 0, z: 0, w: -1}
    - {x: 0, y: 0, z: 1, w: -1}
    - {x: 0, y: 0, z: 1, w: -1}
    - {x: 0, y: 0, z: 1, w: -1}
    - {x: 0, y: 0, z: 1, w: -1}
    - {x: 1, y: 0, z: 0, w: -1}
    - {x: 1, y: 0, z: 0, w: -1}
    - {x: 1, y: 0, z: 0, w: -1}
    - {x: 1, y: 0, z: 0, w: -1}
    - {x: 0, y: 0, z: -1, w: -1}
    - {x: 0, y: 0, z: -1, w: -1}
    - {x: 0, y: 0, z: -1, w: -1}
    - {x: 0, y: 0, z: -1, w: -1}
    - {x: -1, y: 0, z: 0, w: -1}
    - {x: -1, y: 0, z: 0, w: -1}
    - {x: -1, y: 0, z: 0, w: -1}
    - {x: -1, y: 0, z: 0, w: -1}
    - {x: 0.7071069, y: 0.70710677, z: 0, w: -1}
    - {x: 0.7071069, y: 0.70710677, z: 0, w: -1}
    - {x: 0.7071069, y: 0.7071067, z: 0, w: -1}
    - {x: 0.7071069, y: 0.7071067, z: 0, w: -1}
    - {x: 0.7071065, y: -0.7071071, z: 0, w: -1}
    - {x: 0.7071065, y: -0.7071071, z: 0, w: -1}
    - {x: 0.7071065, y: -0.7071071, z: 0, w: -1}
    - {x: 0.7071065, y: -0.7071071, z: 0, w: -1}
    - {x: 1, y: 0, z: 0, w: -1}
    - {x: 1, y: 0, z: 0, w: -1}
    - {x: 1, y: 0, z: 0, w: -1}
    - {x: 1, y: 0, z: 0, w: -1}
    - {x: 1, y: 0, z: 0, w: -1}
    - {x: 1, y: 0, z: 0, w: -1}
    - {x: 1, y: 0, z: 0, w: -1}
    - {x: 1, y: 0, z: 0, w: -1}
    - {x: -0.70710677, y: 0.70710677, z: 0, w: -1}
    - {x: -0.70710677, y: 0.70710677, z: 0, w: -1}
    - {x: -0.7071068, y: 0.7071068, z: 0, w: -1}
    - {x: -0.70710677, y: 0.70710677, z: 0, w: -1}
    - {x: -0.7071064, y: -0.7071071, z: 0, w: -1}
    - {x: -0.7071064, y: -0.7071071, z: 0, w: -1}
    - {x: -0.7071064, y: -0.7071071, z: 0, w: -1}
    - {x: -0.7071064, y: -0.7071071, z: 0, w: -1}
    - {x: -1, y: 0, z: 0, w: -1}
    - {x: -1, y: 0, z: 0, w: -1}
    - {x: -1, y: 0, z: 0, w: -1}
    - {x: -1, y: 0, z: 0, w: -1}
    - {x: 1, y: 0, z: 0, w: -1}
    - {x: 1, y: 0, z: 0, w: -1}
    - {x: 1, y: 0, z: 0, w: -1}
    - {x: 1, y: 0, z: 0, w: -1}
    - {x: 1, y: 0, z: 0, w: -1}
    - {x: 1, y: 0, z: 0, w: -1}
    - {x: 1, y: 0, z: 0, w: -1}
    - {x: 1, y: 0, z: 0, w: -1}
    - {x: -1, y: 0, z: 0, w: -1}
    - {x: -1, y: 0, z: 0, w: -1}
    - {x: -1, y: 0, z: 0, w: -1}
    - {x: -1, y: 0, z: 0, w: -1}
    - {x: -1, y: 0, z: 0, w: -1}
    - {x: -1, y: 0, z: 0, w: -1}
    - {x: -1, y: 0, z: 0, w: -1}
    - {x: -1, y: 0, z: 0, w: -1}
    - {x: 1, y: 0, z: 0, w: -1}
    - {x: 1, y: 0, z: 0, w: -1}
    - {x: 1, y: 0, z: 0, w: -1}
    - {x: 1, y: 0, z: 0, w: -1}
    - {x: 1, y: 0, z: 0, w: -1}
    - {x: 1, y: 0, z: 0, w: -1}
    - {x: 1, y: 0, z: 0, w: -1}
    - {x: 1, y: 0, z: 0, w: -1}
    - {x: 1, y: 0, z: 0, w: -1}
    - {x: 1, y: 0, z: 0, w: -1}
    - {x: 1, y: 0, z: 0, w: -1}
    - {x: 1, y: 0, z: 0, w: -1}
    - {x: 1, y: 0, z: 0, w: -1}
    - {x: 1, y: 0, z: 0, w: -1}
    - {x: 1, y: 0, z: 0, w: -1}
    - {x: 1, y: 0, z: 0, w: -1}
    - {x: 1, y: 0, z: 0, w: -1}
    - {x: 1, y: 0, z: 0, w: -1}
    - {x: 1, y: 0, z: 0, w: -1}
    - {x: 1, y: 0, z: 0, w: -1}
    - {x: 1, y: 0, z: 0, w: -1}
    - {x: 1, y: 0, z: 0, w: -1}
    - {x: 1, y: 0, z: 0, w: -1}
    - {x: 1, y: 0, z: 0, w: -1}
    - {x: -1, y: 0, z: -0.00000016512624, w: -1}
    - {x: -1, y: 0, z: -0.00000016512624, w: -1}
    - {x: -1, y: 0, z: -0.00000033025248, w: -1}
    - {x: -1, y: 0, z: 0, w: -1}
    - {x: -1, y: 0, z: 0, w: -1}
    - {x: -1, y: 0, z: 0, w: -1}
    - {x: -1, y: 0, z: 0, w: -1}
    - {x: -1, y: 0, z: 0, w: -1}
    - {x: -1, y: 0, z: 0.00000016512618, w: -1}
    - {x: -1, y: 0, z: 0.00000016512618, w: -1}
    - {x: -1, y: 0, z: 0.0000003302524, w: -1}
    - {x: -1, y: 0, z: 0, w: -1}
    - {x: -1, y: 0, z: 0.00000016512618, w: -1}
    - {x: -1, y: 0, z: 0, w: -1}
    - {x: -1, y: 0, z: 0, w: -1}
    - {x: -1, y: 0, z: 0, w: -1}
    - {x: -1, y: 0, z: 0, w: -1}
    - {x: -1, y: 0, z: 0, w: -1}
    - {x: -1, y: 0, z: 0.000000041281552, w: -1}
    - {x: -1, y: 0, z: 0.000000082563105, w: -1}
    - {x: -1, y: 0, z: -0.00000004128156, w: -1}
    - {x: -1, y: 0, z: -0.00000008256312, w: -1}
    - {x: -1, y: 0, z: 0, w: -1}
    - {x: -1, y: 0, z: 0, w: -1}
    - {x: 1, y: 0, z: 0, w: -1}
    - {x: 1, y: 0, z: 0, w: -1}
    - {x: 1, y: 0, z: 0, w: -1}
    - {x: 1, y: 0, z: 0, w: -1}
    - {x: 1, y: 0, z: 0, w: -1}
    - {x: 1, y: 0, z: 0, w: -1}
    - {x: 1, y: 0, z: 0, w: -1}
    - {x: 0, y: 0, z: 1, w: -1}
    - {x: 0, y: 0, z: 1, w: -1}
    - {x: 0, y: 0, z: 1, w: -1}
    - {x: 0, y: 0, z: 1, w: -1}
    - {x: 0, y: 0, z: 1, w: -1}
    - {x: 0, y: 0, z: 1, w: -1}
    - {x: 0, y: 0, z: 1, w: -1}
    - {x: 0, y: 0, z: -1, w: -1}
    - {x: 0, y: 0, z: -1, w: -1}
    - {x: 0, y: 0, z: -1, w: -1}
    - {x: 0, y: 0, z: -1, w: -1}
    - {x: 0, y: 0, z: -1, w: -1}
    - {x: 0, y: 0, z: -1, w: -1}
    - {x: 0, y: 0, z: -1, w: -1}
    - {x: -1, y: 0, z: 0, w: -1}
    - {x: -1, y: 0, z: 0, w: -1}
    - {x: -1, y: 0, z: 0, w: -1}
    - {x: -1, y: 0, z: 0, w: -1}
    - {x: -1, y: 0, z: 0, w: -1}
    - {x: -1, y: 0, z: 0, w: -1}
    - {x: -1, y: 0, z: 0, w: -1}
    - {x: -1, y: 0, z: 0, w: -1}
    - {x: -1, y: 0, z: 0, w: -1}
    - {x: -1, y: 0, z: 0, w: -1}
    - {x: -1, y: 0, z: 0, w: -1}
    - {x: -1, y: 0, z: 0, w: -1}
    - {x: -1, y: 0, z: 0, w: -1}
    - {x: -1, y: 0, z: 0, w: -1}
    - {x: 0, y: 0, z: 1, w: -1}
    - {x: 0, y: 0, z: 1, w: -1}
    - {x: 0, y: 0, z: 1, w: -1}
    - {x: 0, y: 0, z: 1, w: -1}
    - {x: 0, y: 0, z: 1, w: -1}
    - {x: 0, y: 0, z: 1, w: -1}
    - {x: 0, y: 0, z: 1, w: -1}
    - {x: 0, y: 0, z: -1, w: -1}
    - {x: 0, y: 0, z: -1, w: -1}
    - {x: 0, y: 0, z: -1, w: -1}
    - {x: 0, y: 0, z: -1, w: -1}
    - {x: 0, y: 0, z: -1, w: -1}
    - {x: 0, y: 0, z: -1, w: -1}
    - {x: 0, y: 0, z: -1, w: -1}
    - {x: 1, y: 0, z: 0, w: -1}
    - {x: 1, y: 0, z: 0, w: -1}
    - {x: 1, y: 0, z: 0, w: -1}
    - {x: 1, y: 0, z: 0, w: -1}
    - {x: 1, y: 0, z: 0, w: -1}
    - {x: 1, y: 0, z: 0, w: -1}
    - {x: 1, y: 0, z: 0, w: -1}
    - {x: 1, y: 0, z: 0, w: -1}
    - {x: 1, y: 0, z: 0, w: -1}
    - {x: 1, y: 0, z: 0, w: -1}
    - {x: 1, y: 0, z: 0, w: -1}
    - {x: 0, y: 0, z: -1, w: -1}
    - {x: 0, y: 0, z: -1, w: -1}
    - {x: 0, y: 0, z: -1, w: -1}
    - {x: 0, y: 0, z: -1, w: -1}
    - {x: 1, y: 0, z: 0, w: -1}
    - {x: 1, y: 0, z: 0, w: -1}
    - {x: 0, y: 0, z: 1, w: -1}
    - {x: 0, y: 0, z: 1, w: -1}
    - {x: 0, y: 0, z: 1, w: -1}
    - {x: 0, y: 0, z: 1, w: -1}
    - {x: 0, y: 0, z: -1, w: -1}
    - {x: 0, y: 0, z: -1, w: -1}
    - {x: 0, y: 0, z: 1, w: -1}
    - {x: 0, y: 0, z: 1, w: -1}
    - {x: -1, y: 0, z: 0, w: -1}
    - {x: -1, y: 0, z: 0, w: -1}
    - {x: -1, y: 0, z: 0, w: -1}
    - {x: -1, y: 0, z: 0, w: -1}
    - {x: -1, y: 0, z: 0, w: -1}
    - {x: -1, y: 0, z: 0, w: -1}
    - {x: 1, y: 0, z: 0, w: -1}
    - {x: 1, y: 0, z: 0, w: -1}
    - {x: 1, y: 0, z: 0, w: -1}
    - {x: 1, y: 0, z: 0, w: -1}
    - {x: 0, y: 0, z: -1, w: -1}
    - {x: 0, y: 0, z: -1, w: -1}
    - {x: 0, y: 0, z: -1, w: -1}
    - {x: 0, y: 0, z: -1, w: -1}
    - {x: 0, y: 0, z: 1, w: -1}
    - {x: 0, y: 0, z: 1, w: -1}
    - {x: 0, y: 0, z: 1, w: -1}
    - {x: 0, y: 0, z: 1, w: -1}
    - {x: 0, y: 0, z: -1, w: -1}
    - {x: 0, y: 0, z: -1, w: -1}
    - {x: 0, y: 0, z: 1, w: -1}
    - {x: 0, y: 0, z: 1, w: -1}
    - {x: -1, y: 0, z: 0, w: -1}
    - {x: -1, y: 0, z: 0, w: -1}
    - {x: -1, y: 0, z: 0, w: -1}
    - {x: -1, y: 0, z: 0, w: -1}
    - {x: -1, y: 0, z: 0, w: -1}
    - {x: -1, y: 0, z: 0, w: -1}
    - {x: 1, y: 0, z: 0, w: -1}
    - {x: 1, y: 0, z: 0, w: -1}
    - {x: 1, y: 0, z: 0, w: -1}
    - {x: 1, y: 0, z: 0, w: -1}
    - {x: 1, y: 0, z: 0, w: -1}
    - {x: 1, y: 0, z: 0, w: -1}
    - {x: 1, y: 0, z: 0, w: -1}
    - {x: 1, y: 0, z: 0, w: -1}
    - {x: 1, y: 0, z: 0, w: -1}
    - {x: 1, y: 0, z: 0, w: -1}
    - {x: 1, y: 0, z: 0, w: -1}
    - {x: -1, y: 0, z: -0.00000021584913, w: -1}
    - {x: -1, y: 0, z: -0.00000016188685, w: -1}
    - {x: -1, y: 0, z: -0.000000013490564, w: -1}
    - {x: -1, y: 0, z: -0.00000032377372, w: -1}
    - {x: -1, y: 0, z: 0.00000008094341, w: -1}
    - {x: -1, y: 0, z: 0.00000013490568, w: -1}
    - {x: -1, y: 0, z: 0.000000053962285, w: -1}
    - {x: -1, y: 0, z: 0.000000080943416, w: -1}
    - {x: -1, y: 0, z: -0.00000012141513, w: -1}
    - {x: 0.85518706, y: -0.5183196, z: 0, w: -1}
    - {x: 0.85518694, y: -0.5183196, z: 0, w: -1}
    - {x: 0.85518694, y: -0.5183196, z: 0, w: -1}
    - {x: 0.85518694, y: -0.5183196, z: 0, w: -1}
    - {x: 1, y: 0, z: 0, w: -1}
    - {x: 1, y: 0, z: 0, w: -1}
    - {x: 1, y: 0, z: 0, w: -1}
    - {x: 1, y: 0, z: 0, w: -1}
    - {x: 1, y: 0, z: 0, w: -1}
    - {x: 1, y: 0, z: 0, w: -1}
    - {x: 1, y: 0, z: 0, w: -1}
    - {x: 1, y: 0, z: 0, w: -1}
    - {x: 0.85518694, y: -0.5183196, z: 0, w: -1}
    - {x: 0.85518694, y: -0.5183196, z: 0, w: -1}
    - {x: 0.85518706, y: 0.5183196, z: 0, w: -1}
    - {x: 0.85518694, y: 0.5183196, z: 0, w: -1}
    - {x: 0.85518694, y: 0.5183196, z: 0, w: -1}
    - {x: 0.85518694, y: 0.5183196, z: 0, w: -1}
    - {x: 1, y: 0, z: 0, w: -1}
    - {x: 1, y: 0, z: 0, w: -1}
    - {x: 1, y: 0, z: 0, w: -1}
    - {x: 1, y: 0, z: 0, w: -1}
    - {x: 0.85518706, y: 0.5183196, z: 0, w: -1}
    - {x: 0.85518694, y: 0.5183196, z: 0, w: -1}
    - {x: -0.9117666, y: 0.41070879, z: 0, w: -1}
    - {x: -0.9117666, y: 0.41070879, z: 0, w: -1}
    - {x: -0.9117666, y: 0.41070879, z: 0, w: -1}
    - {x: -0.9117666, y: 0.4107088, z: 0, w: -1}
    - {x: -1, y: 0, z: 0, w: -1}
    - {x: -1, y: 0, z: 0, w: -1}
    - {x: -1, y: 0, z: 0, w: -1}
    - {x: -1, y: 0, z: 0, w: -1}
    - {x: -0.9117666, y: -0.41070879, z: 0, w: -1}
    - {x: -0.9117666, y: -0.41070879, z: 0, w: -1}
    - {x: -0.9117666, y: -0.41070879, z: 0, w: -1}
    - {x: -0.9117666, y: -0.4107088, z: 0, w: -1}
    - {x: -1, y: 0, z: 0, w: -1}
    - {x: -1, y: 0, z: 0, w: -1}
    - {x: -0.9117666, y: -0.41070879, z: 0, w: -1}
    - {x: -0.9117666, y: -0.4107088, z: 0, w: -1}
    - {x: -1, y: 0, z: 0, w: -1}
    - {x: -1, y: 0, z: 0, w: -1}
    - {x: -1, y: 0, z: 0, w: -1}
    - {x: -1, y: 0, z: 0, w: -1}
    - {x: -1, y: 0, z: 0, w: -1}
    - {x: -1, y: 0, z: 0, w: -1}
    - {x: -0.9117666, y: 0.41070879, z: 0, w: -1}
    - {x: -0.9117666, y: 0.41070879, z: 0, w: -1}
    uv0:
    - {x: 0, y: 0.05, z: 0, w: 0}
    - {x: -3, y: 0.05, z: 0, w: 0}
    - {x: 0, y: 0.2, z: 0, w: 0}
    - {x: -3, y: 0.2, z: 0, w: 0}
    - {x: 0, y: 0.05, z: 0, w: 0}
    - {x: -3, y: 0.05, z: 0, w: 0}
    - {x: 0, y: 0.2, z: 0, w: 0}
    - {x: -3, y: 0.2, z: 0, w: 0}
    - {x: 3, y: 0.05, z: 0, w: 0}
    - {x: 0, y: 0.05, z: 0, w: 0}
    - {x: 3, y: 0.2, z: 0, w: 0}
    - {x: 0, y: 0.2, z: 0, w: 0}
    - {x: 3, y: 0.05, z: 0, w: 0}
    - {x: 0, y: 0.05, z: 0, w: 0}
    - {x: 3, y: 0.2, z: 0, w: 0}
    - {x: 0, y: 0.2, z: 0, w: 0}
    - {x: -2.95, y: 0.21213202, z: 0, w: 0}
    - {x: 0, y: 0.14142135, z: 0, w: 0}
    - {x: -3, y: 0.14142135, z: 0, w: 0}
    - {x: -0.05, y: 0.21213202, z: 0, w: 0}
    - {x: 0.21213204, y: -0.05, z: 0, w: 0}
    - {x: 0.14142136, y: -3, z: 0, w: 0}
    - {x: 0.14142136, y: 0, z: 0, w: 0}
    - {x: 0.21213204, y: -2.95, z: 0, w: 0}
    - {x: 1.9091873, y: -2.95, z: 0, w: 0}
    - {x: 1.979898, y: 0, z: 0, w: 0}
    - {x: 1.979898, y: -3, z: 0, w: 0}
    - {x: 1.9091873, y: -0.05, z: 0, w: 0}
    - {x: 0.05, y: -1.9091872, z: 0, w: 0}
    - {x: 3, y: -1.9798979, z: 0, w: 0}
    - {x: 0, y: -1.9798979, z: 0, w: 0}
    - {x: 2.95, y: -1.9091872, z: 0, w: 0}
    - {x: 2.95, y: 2.085964, z: 0, w: 0}
    - {x: 0, y: 2.1566746, z: 0, w: 0}
    - {x: 3, y: 2.1566746, z: 0, w: 0}
    - {x: 0.05, y: 2.085964, z: 0, w: 0}
    - {x: -0.03535534, y: -2.95, z: 0, w: 0}
    - {x: 0.03535534, y: 0, z: 0, w: 0}
    - {x: 0.03535534, y: -3, z: 0, w: 0}
    - {x: -0.03535534, y: -0.05, z: 0, w: 0}
    - {x: -2.0859642, y: -0.05, z: 0, w: 0}
    - {x: -2.1566749, y: -3, z: 0, w: 0}
    - {x: -2.1566749, y: 0, z: 0, w: 0}
    - {x: -2.0859642, y: -2.95, z: 0, w: 0}
    - {x: -0.05, y: -0.03535534, z: 0, w: 0}
    - {x: -3, y: 0.03535534, z: 0, w: 0}
    - {x: 0, y: 0.03535534, z: 0, w: 0}
    - {x: -2.95, y: -0.03535534, z: 0, w: 0}
    - {x: 0.05, y: -0.05, z: 0, w: 0}
    - {x: 2.95, y: -0.05, z: 0, w: 0}
    - {x: 0.49945068, y: -0.49519348, z: 0, w: 0}
    - {x: 2.5005493, y: -0.49519348, z: 0, w: 0}
    - {x: 0.05, y: -2.95, z: 0, w: 0}
    - {x: 0.49945068, y: -2.5048065, z: 0, w: 0}
    - {x: 2.95, y: -2.95, z: 0, w: 0}
    - {x: 2.5005493, y: -2.5048065, z: 0, w: 0}
    - {x: -0.05, y: -2.95, z: 0, w: 0}
    - {x: -2.95, y: -2.95, z: 0, w: 0}
    - {x: -0.49945068, y: -2.5048065, z: 0, w: 0}
    - {x: -2.5005493, y: -2.5048065, z: 0, w: 0}
    - {x: -0.05, y: -0.05, z: 0, w: 0}
    - {x: -0.49945068, y: -0.49519348, z: 0, w: 0}
    - {x: -2.95, y: -0.05, z: 0, w: 0}
    - {x: -2.5005493, y: -0.49519348, z: 0, w: 0}
    - {x: 0.775, y: -1.5, z: 0, w: 0}
    - {x: 0.05, y: -1.5, z: 0, w: 0}
    - {x: 0.05, y: -0.775, z: 0, w: 0}
    - {x: 0.775, y: -0.775, z: 0, w: 0}
    - {x: 0.05, y: -0.05, z: 0, w: 0}
    - {x: 0.775, y: -0.05, z: 0, w: 0}
    - {x: 1.5, y: -0.775, z: 0, w: 0}
    - {x: 1.5, y: -0.05, z: 0, w: 0}
    - {x: 2.95, y: -1.5, z: 0, w: 0}
    - {x: 2.225, y: -1.5, z: 0, w: 0}
    - {x: 2.225, y: -0.775, z: 0, w: 0}
    - {x: 2.95, y: -0.775, z: 0, w: 0}
    - {x: 2.225, y: -0.05, z: 0, w: 0}
    - {x: 2.95, y: -0.05, z: 0, w: 0}
    - {x: 2.95, y: -2.95, z: 0, w: 0}
    - {x: 2.225, y: -2.95, z: 0, w: 0}
    - {x: 2.225, y: -2.225, z: 0, w: 0}
    - {x: 2.95, y: -2.225, z: 0, w: 0}
    - {x: 1.5, y: -2.95, z: 0, w: 0}
    - {x: 1.5, y: -2.225, z: 0, w: 0}
    - {x: 0.775, y: -2.95, z: 0, w: 0}
    - {x: 0.775, y: -2.225, z: 0, w: 0}
    - {x: 0.05, y: -2.95, z: 0, w: 0}
    - {x: 0.05, y: -2.225, z: 0, w: 0}
    - {x: -0.775, y: -2.225, z: 0, w: 0}
    - {x: -1.5, y: -2.95, z: 0, w: 0}
    - {x: -1.5, y: -2.2250001, z: 0, w: 0}
    - {x: -0.775, y: -2.95, z: 0, w: 0}
    - {x: -0.05, y: -1.5, z: 0, w: 0}
    - {x: -0.775, y: -1.5, z: 0, w: 0}
    - {x: -0.05, y: -2.225, z: 0, w: 0}
    - {x: -0.05, y: -2.95, z: 0, w: 0}
    - {x: -2.225, y: -2.2250001, z: 0, w: 0}
    - {x: -2.95, y: -2.95, z: 0, w: 0}
    - {x: -2.95, y: -2.225, z: 0, w: 0}
    - {x: -2.225, y: -2.95, z: 0, w: 0}
    - {x: -2.225, y: -1.5, z: 0, w: 0}
    - {x: -2.95, y: -1.5, z: 0, w: 0}
    - {x: -2.225, y: -0.775, z: 0, w: 0}
    - {x: -2.95, y: -0.775, z: 0, w: 0}
    - {x: -2.225, y: -0.05, z: 0, w: 0}
    - {x: -2.95, y: -0.05, z: 0, w: 0}
    - {x: -1.5, y: -0.05, z: 0, w: 0}
    - {x: -1.5, y: -0.77500004, z: 0, w: 0}
    - {x: -0.775, y: -0.05, z: 0, w: 0}
    - {x: -0.775, y: -0.775, z: 0, w: 0}
    - {x: -0.05, y: -0.05, z: 0, w: 0}
    - {x: -0.05, y: -0.775, z: 0, w: 0}
    - {x: 0.49945068, y: 0.25, z: 0, w: 0}
    - {x: 2.5005493, y: 0.25, z: 0, w: 0}
    - {x: 1.5, y: 0.2, z: 0, w: 0}
    - {x: 2.0002747, y: 0.2, z: 0, w: 0}
    - {x: 2.5005493, y: 0.2, z: 0, w: 0}
    - {x: 0.99972534, y: 0.2, z: 0, w: 0}
    - {x: 0.49945068, y: 0.2, z: 0, w: 0}
    - {x: -0.49519348, y: 0.25, z: 0, w: 0}
    - {x: -0.49519348, y: 0.2, z: 0, w: 0}
    - {x: -0.99759674, y: 0.2, z: 0, w: 0}
    - {x: -1.5, y: 0.2, z: 0, w: 0}
    - {x: -2.0024033, y: 0.2, z: 0, w: 0}
    - {x: -2.5048065, y: 0.2, z: 0, w: 0}
    - {x: -2.5048065, y: 0.25, z: 0, w: 0}
    - {x: 0.49519348, y: 0.25, z: 0, w: 0}
    - {x: 2.5048065, y: 0.25, z: 0, w: 0}
    - {x: 1.5, y: 0.2, z: 0, w: 0}
    - {x: 2.0024033, y: 0.2, z: 0, w: 0}
    - {x: 2.5048065, y: 0.2, z: 0, w: 0}
    - {x: 0.99759674, y: 0.2, z: 0, w: 0}
    - {x: 0.49519348, y: 0.2, z: 0, w: 0}
    - {x: -0.49945068, y: 0.25, z: 0, w: 0}
    - {x: -0.49945068, y: 0.2, z: 0, w: 0}
    - {x: -0.99972534, y: 0.2, z: 0, w: 0}
    - {x: -1.5, y: 0.2, z: 0, w: 0}
    - {x: -2.0002747, y: 0.2, z: 0, w: 0}
    - {x: -2.5005493, y: 0.2, z: 0, w: 0}
    - {x: -2.5005493, y: 0.25, z: 0, w: 0}
    - {x: -0.49945068, y: 0.05, z: 0, w: 0}
    - {x: -0.49945068, y: 0, z: 0, w: 0}
    - {x: -0.99972534, y: 0.05, z: 0, w: 0}
    - {x: -1.5, y: 0.05, z: 0, w: 0}
    - {x: -2.5005493, y: 0, z: 0, w: 0}
    - {x: -2.0002747, y: 0.05, z: 0, w: 0}
    - {x: -2.5005493, y: 0.05, z: 0, w: 0}
    - {x: -0.49519348, y: 0.05, z: 0, w: 0}
    - {x: -0.49519348, y: 0, z: 0, w: 0}
    - {x: -0.99759674, y: 0.05, z: 0, w: 0}
    - {x: -1.5, y: 0.05, z: 0, w: 0}
    - {x: -2.5048065, y: 0, z: 0, w: 0}
    - {x: -2.0024033, y: 0.05, z: 0, w: 0}
    - {x: -2.5048065, y: 0.05, z: 0, w: 0}
    - {x: 2.0024033, y: 0.05, z: 0, w: 0}
    - {x: 2.5048065, y: 0.05, z: 0, w: 0}
    - {x: 2.5048065, y: 0, z: 0, w: 0}
    - {x: 1.5, y: 0.05, z: 0, w: 0}
    - {x: 0.49519348, y: 0, z: 0, w: 0}
    - {x: 0.99759674, y: 0.05, z: 0, w: 0}
    - {x: 0.49519348, y: 0.05, z: 0, w: 0}
    - {x: 2.0002747, y: 0.05, z: 0, w: 0}
    - {x: 2.5005493, y: 0.05, z: 0, w: 0}
    - {x: 2.5005493, y: 0, z: 0, w: 0}
    - {x: 1.5, y: 0.05, z: 0, w: 0}
    - {x: 0.49945068, y: 0, z: 0, w: 0}
    - {x: 0.99972534, y: 0.05, z: 0, w: 0}
    - {x: 0.49945068, y: 0.05, z: 0, w: 0}
    - {x: 1.5, y: 0.05, z: 0, w: 0}
    - {x: 2.0002747, y: 0.05, z: 0, w: 0}
    - {x: 1.5, y: 0, z: 0, w: 0}
    - {x: 2.0002747, y: 0, z: 0, w: 0}
    - {x: 1.5, y: 0.05, z: 0, w: 0}
    - {x: 2.0024033, y: 0.05, z: 0, w: 0}
    - {x: 1.5, y: 0, z: 0, w: 0}
    - {x: 2.0024033, y: 0, z: 0, w: 0}
    - {x: 0.99972534, y: 0.05, z: 0, w: 0}
    - {x: 0.99972534, y: 0, z: 0, w: 0}
    - {x: -2.0024033, y: 0.05, z: 0, w: 0}
    - {x: -1.5, y: 0.05, z: 0, w: 0}
    - {x: -2.0024033, y: 0, z: 0, w: 0}
    - {x: -1.5, y: 0, z: 0, w: 0}
    - {x: 0.99759674, y: 0.05, z: 0, w: 0}
    - {x: 0.99759674, y: 0, z: 0, w: 0}
    - {x: -0.99759674, y: 0.05, z: 0, w: 0}
    - {x: -0.99759674, y: 0, z: 0, w: 0}
    - {x: -2.0002747, y: 0.05, z: 0, w: 0}
    - {x: -1.5, y: 0.05, z: 0, w: 0}
    - {x: -2.0002747, y: 0, z: 0, w: 0}
    - {x: -1.5, y: 0, z: 0, w: 0}
    - {x: -0.99972534, y: 0.05, z: 0, w: 0}
    - {x: -0.99972534, y: 0, z: 0, w: 0}
    - {x: 1.5, y: 0.2, z: 0, w: 0}
    - {x: 0.99972534, y: 0.2, z: 0, w: 0}
    - {x: 1.5, y: 0.25, z: 0, w: 0}
    - {x: 0.99972534, y: 0.25, z: 0, w: 0}
    - {x: 2.0024033, y: 0.2, z: 0, w: 0}
    - {x: 1.5, y: 0.2, z: 0, w: 0}
    - {x: 2.0024033, y: 0.25, z: 0, w: 0}
    - {x: 1.5, y: 0.25, z: 0, w: 0}
    - {x: -1.5, y: 0.2, z: 0, w: 0}
    - {x: -2.0024033, y: 0.2, z: 0, w: 0}
    - {x: -1.5, y: 0.25, z: 0, w: 0}
    - {x: -2.0024033, y: 0.25, z: 0, w: 0}
    - {x: 0.99759674, y: 0.2, z: 0, w: 0}
    - {x: 0.99759674, y: 0.25, z: 0, w: 0}
    - {x: -0.99759674, y: 0.2, z: 0, w: 0}
    - {x: -0.99759674, y: 0.25, z: 0, w: 0}
    - {x: -0.99972534, y: 0.2, z: 0, w: 0}
    - {x: -1.5, y: 0.2, z: 0, w: 0}
    - {x: -0.99972534, y: 0.25, z: 0, w: 0}
    - {x: -1.5, y: 0.25, z: 0, w: 0}
    - {x: -2.0002747, y: 0.2, z: 0, w: 0}
    - {x: -2.0002747, y: 0.25, z: 0, w: 0}
    - {x: 2.0002747, y: 0.2, z: 0, w: 0}
    - {x: 2.0002747, y: 0.25, z: 0, w: 0}
    - {x: 2.225, y: -1.5, z: 0, w: 0}
    - {x: 1.5, y: -1.5, z: 0, w: 0}
    - {x: 1.5, y: -0.775, z: 0, w: 0}
    - {x: 2.225, y: -0.775, z: 0, w: 0}
    - {x: 2.225, y: -2.225, z: 0, w: 0}
    - {x: 1.5, y: -2.225, z: 0, w: 0}
    - {x: 0.775, y: -1.5, z: 0, w: 0}
    - {x: 0.775, y: -0.775, z: 0, w: 0}
    - {x: 0.775, y: -2.225, z: 0, w: 0}
    - {x: -0.775, y: -1.5, z: 0, w: 0}
    - {x: -1.5, y: -2.2250001, z: 0, w: 0}
    - {x: -1.5, y: -1.5000001, z: 0, w: 0}
    - {x: -0.775, y: -2.225, z: 0, w: 0}
    - {x: -2.225, y: -2.2250001, z: 0, w: 0}
    - {x: -2.225, y: -1.5, z: 0, w: 0}
    - {x: -1.5, y: -0.77500004, z: 0, w: 0}
    - {x: -2.225, y: -0.775, z: 0, w: 0}
    - {x: -0.775, y: -0.775, z: 0, w: 0}
    - {x: 1.5810289, y: -0.99759674, z: 0, w: 0}
    - {x: 1.5810289, y: -1.5, z: 0, w: 0}
    - {x: 1.557441, y: -1.0273132, z: 0, w: 0}
    - {x: 1.557441, y: -1.5, z: 0, w: 0}
    - {x: 1.5, y: -1.0176865, z: 0, w: 0}
    - {x: 2.0002747, y: -1.0176865, z: 0, w: 0}
    - {x: 1.5, y: -1.0498197, z: 0, w: 0}
    - {x: 1.9801025, y: -1.0498197, z: 0, w: 0}
    - {x: 2.0002747, y: -1.7566797, z: 0, w: 0}
    - {x: 1.5, y: -1.7566797, z: 0, w: 0}
    - {x: 1.9801025, y: -1.7245464, z: 0, w: 0}
    - {x: 1.5, y: -1.7245464, z: 0, w: 0}
    - {x: 1.5810289, y: -2.0024033, z: 0, w: 0}
    - {x: 1.557441, y: -1.9726868, z: 0, w: 0}
    - {x: 0.984532, y: -1.5, z: 0, w: 0}
    - {x: 0.984532, y: -0.99759674, z: 0, w: 0}
    - {x: 1.00812, y: -1.5, z: 0, w: 0}
    - {x: 1.00812, y: -1.0273132, z: 0, w: 0}
    - {x: 0.99972534, y: -1.0176865, z: 0, w: 0}
    - {x: 1.0198975, y: -1.0498197, z: 0, w: 0}
    - {x: 0.99972534, y: -1.7566797, z: 0, w: 0}
    - {x: 1.0198975, y: -1.7245464, z: 0, w: 0}
    - {x: 0.984532, y: -2.0024033, z: 0, w: 0}
    - {x: 1.00812, y: -1.9726868, z: 0, w: 0}
    - {x: -0.9115162, y: -1.5, z: 0, w: 0}
    - {x: -0.9115162, y: -2.0024033, z: 0, w: 0}
    - {x: -0.93364036, y: -1.5, z: 0, w: 0}
    - {x: -0.93364036, y: -1.9726868, z: 0, w: 0}
    - {x: -0.99972534, y: -1.9148833, z: 0, w: 0}
    - {x: -1.5, y: -1.9148833, z: 0, w: 0}
    - {x: -1.0198975, y: -1.8838085, z: 0, w: 0}
    - {x: -1.5, y: -1.8838085, z: 0, w: 0}
    - {x: -1.8237836, y: -2.0024033, z: 0, w: 0}
    - {x: -1.8237836, y: -1.5, z: 0, w: 0}
    - {x: -1.8016593, y: -1.9726868, z: 0, w: 0}
    - {x: -1.8016593, y: -1.5, z: 0, w: 0}
    - {x: -2.0002747, y: -1.9148833, z: 0, w: 0}
    - {x: -1.9801025, y: -1.8838085, z: 0, w: 0}
    - {x: -1.8237836, y: -0.99759674, z: 0, w: 0}
    - {x: -1.8016593, y: -1.0273132, z: 0, w: 0}
    - {x: -2.0002747, y: -0.9539943, z: 0, w: 0}
    - {x: -1.5, y: -0.9539943, z: 0, w: 0}
    - {x: -1.9801025, y: -0.985069, z: 0, w: 0}
    - {x: -1.5, y: -0.985069, z: 0, w: 0}
    - {x: -0.99972534, y: -0.9539943, z: 0, w: 0}
    - {x: -1.0198975, y: -0.985069, z: 0, w: 0}
    - {x: -0.9115162, y: -0.99759674, z: 0, w: 0}
    - {x: -0.93364036, y: -1.0273132, z: 0, w: 0}
    uv1: []
    uv2: []
    uv3: []
    m_Triangles: 00000000010000000200000001000000030000000200000004000000050000000600000005000000070000000600000008000000090000000a000000090000000b0000000a0000000c0000000d0000000e0000000d0000000f0000000e00000010000000110000001200000010000000130000001100000014000000150000001600000014000000170000001500000018000000190000001a000000180000001b000000190000001c0000001d0000001e0000001c0000001f0000001d00000020000000210000002200000020000000230000002100000024000000250000002600000024000000270000002500000028000000290000002a000000280000002b000000290000002c0000002d0000002e0000002c0000002f0000002d00000030000000310000003200000031000000330000003200000034000000300000003500000030000000320000003500000031000000360000003300000036000000370000003300000036000000340000003700000034000000350000003700000038000000390000003a000000390000003b0000003a0000003c000000380000003d000000380000003a0000003d000000390000003e0000003b0000003e0000003f0000003b0000003e0000003c0000003f0000003c0000003d0000003f00000040000000410000004200000043000000400000004200000043000000420000004400000045000000430000004400000046000000430000004500000047000000460000004500000048000000490000004a0000004b000000480000004a0000004a00000046000000470000004c0000004a000000470000004b0000004a0000004c0000004d0000004b0000004c0000004e0000004f00000050000000510000004e000000500000004f0000005200000053000000500000004f0000005300000051000000500000004900000048000000510000004900000052000000540000005500000053000000520000005500000054000000560000005700000055000000540000005700000055000000570000004100000040000000550000004100000058000000590000005a000000580000005b000000590000005c000000580000005d0000005c0000005e000000580000005e0000005b000000580000005e0000005f0000005b0000006000000061000000620000006000000063000000610000006400000062000000650000006400000060000000620000005a00000063000000600000005a00000059000000630000006600000065000000670000006600000064000000650000006800000067000000690000006800000066000000670000006a00000066000000680000006a0000006b000000660000006c0000006b0000006a0000006c0000006d0000006b0000006e0000006d0000006c0000006e0000006f0000006d0000006f0000005d0000006d0000006f0000005c0000005d00000070000000710000007200000071000000730000007200000071000000740000007300000072000000750000007000000075000000760000007000000077000000780000007900000077000000790000007a0000007b0000007c0000007d0000007a0000007b0000007d0000007a0000007d000000770000007e0000007f000000800000007f00000081000000800000007f000000820000008100000080000000830000007e00000083000000840000007e000000850000008600000087000000850000008700000088000000890000008a0000008b00000088000000890000008b000000880000008b000000850000008c0000008d0000008e0000008d0000008f0000008e000000900000008f0000008d000000910000008f000000900000009000000092000000910000009300000094000000950000009400000096000000950000009700000096000000940000009800000096000000970000009700000099000000980000009a0000009b0000009c0000009c0000009d0000009a0000009e0000009d0000009c0000009f0000009d0000009e0000009f0000009e000000a0000000a1000000a2000000a3000000a3000000a4000000a1000000a5000000a4000000a3000000a6000000a4000000a5000000a6000000a5000000a7000000a8000000a9000000aa000000a9000000ab000000aa000000ac000000ad000000ae000000ad000000af000000ae000000b0000000a8000000b1000000a8000000aa000000b1000000b2000000b3000000b4000000b3000000b5000000b4000000b6000000ac000000b7000000ac000000ae000000b7000000b3000000b8000000b5000000b8000000b9000000b5000000ba000000bb000000bc000000bb000000bd000000bc000000bb000000be000000bd000000be000000bf000000bd000000c0000000c1000000c2000000c1000000c3000000c2000000c4000000c5000000c6000000c5000000c7000000c6000000c8000000c9000000ca000000c9000000cb000000ca000000c5000000cc000000c7000000cc000000cd000000c7000000ce000000c8000000cf000000c8000000ca000000cf000000d0000000d1000000d2000000d1000000d3000000d2000000d1000000d4000000d3000000d4000000d5000000d3000000d6000000c0000000d7000000c0000000c2000000d7000000d8000000d9000000da000000db000000d8000000da000000dc000000dd000000d9000000d8000000dc000000d9000000d9000000de000000df000000da000000d9000000df000000dd000000e0000000de000000d9000000dd000000de000000e1000000e2000000e3000000e1000000e4000000e2000000e3000000e5000000e6000000e3000000e2000000e5000000e7000000e6000000e8000000e7000000e3000000e6000000e9000000e3000000e7000000e9000000e1000000e3000000ea000000eb000000ec000000eb000000ed000000ec000000ee000000ef000000f0000000ef000000f1000000f0000000f2000000f3000000f4000000f3000000f5000000f4000000eb000000f6000000ed000000f6000000f7000000ed000000f8000000f9000000fa000000f9000000fb000000fa000000fc000000ee000000fd000000ee000000f0000000fd000000f3000000fe000000f5000000fe000000ff000000f500000000010000f800000001010000f8000000fa000000010100000201000003010000040100000301000005010000040100000601000007010000080100000701000009010000080100000a0100000b0100000c0100000b0100000d0100000c010000070100000e010000090100000e0100000f010000090100000b010000100100000d01000010010000110100000d010000120100001301000014010000130100001501000014010000130100001601000015010000160100001701000015010000180100000201000019010000020100000401000019010000
    m_SubMeshes:
    - m_Indexes: 00000000010000000200000001000000030000000200000004000000050000000600000005000000070000000600000008000000090000000a000000090000000b0000000a0000000c0000000d0000000e0000000d0000000f0000000e00000010000000110000001200000010000000130000001100000014000000150000001600000014000000170000001500000018000000190000001a000000180000001b000000190000001c0000001d0000001e0000001c0000001f0000001d00000020000000210000002200000020000000230000002100000024000000250000002600000024000000270000002500000028000000290000002a000000280000002b000000290000002c0000002d0000002e0000002c0000002f0000002d00000030000000310000003200000031000000330000003200000034000000300000003500000030000000320000003500000031000000360000003300000036000000370000003300000036000000340000003700000034000000350000003700000038000000390000003a000000390000003b0000003a0000003c000000380000003d000000380000003a0000003d000000390000003e0000003b0000003e0000003f0000003b0000003e0000003c0000003f0000003c0000003d0000003f00000040000000410000004200000043000000400000004200000043000000420000004400000045000000430000004400000046000000430000004500000047000000460000004500000048000000490000004a0000004b000000480000004a0000004a00000046000000470000004c0000004a000000470000004b0000004a0000004c0000004d0000004b0000004c0000004e0000004f00000050000000510000004e000000500000004f0000005200000053000000500000004f0000005300000051000000500000004900000048000000510000004900000052000000540000005500000053000000520000005500000054000000560000005700000055000000540000005700000055000000570000004100000040000000550000004100000058000000590000005a000000580000005b000000590000005c000000580000005d0000005c0000005e000000580000005e0000005b000000580000005e0000005f0000005b0000006000000061000000620000006000000063000000610000006400000062000000650000006400000060000000620000005a00000063000000600000005a00000059000000630000006600000065000000670000006600000064000000650000006800000067000000690000006800000066000000670000006a00000066000000680000006a0000006b000000660000006c0000006b0000006a0000006c0000006d0000006b0000006e0000006d0000006c0000006e0000006f0000006d0000006f0000005d0000006d0000006f0000005c0000005d00000070000000710000007200000071000000730000007200000071000000740000007300000072000000750000007000000075000000760000007000000077000000780000007900000077000000790000007a0000007b0000007c0000007d0000007a0000007b0000007d0000007a0000007d000000770000007e0000007f000000800000007f00000081000000800000007f000000820000008100000080000000830000007e00000083000000840000007e000000850000008600000087000000850000008700000088000000890000008a0000008b00000088000000890000008b000000880000008b000000850000008c0000008d0000008e0000008d0000008f0000008e000000900000008f0000008d000000910000008f000000900000009000000092000000910000009300000094000000950000009400000096000000950000009700000096000000940000009800000096000000970000009700000099000000980000009a0000009b0000009c0000009c0000009d0000009a0000009e0000009d0000009c0000009f0000009d0000009e0000009f0000009e000000a0000000a1000000a2000000a3000000a3000000a4000000a1000000a5000000a4000000a3000000a6000000a4000000a5000000a6000000a5000000a7000000a8000000a9000000aa000000a9000000ab000000aa000000ac000000ad000000ae000000ad000000af000000ae000000b0000000a8000000b1000000a8000000aa000000b1000000b2000000b3000000b4000000b3000000b5000000b4000000b6000000ac000000b7000000ac000000ae000000b7000000b3000000b8000000b5000000b8000000b9000000b5000000ba000000bb000000bc000000bb000000bd000000bc000000bb000000be000000bd000000be000000bf000000bd000000c0000000c1000000c2000000c1000000c3000000c2000000c4000000c5000000c6000000c5000000c7000000c6000000c8000000c9000000ca000000c9000000cb000000ca000000c5000000cc000000c7000000cc000000cd000000c7000000ce000000c8000000cf000000c8000000ca000000cf000000d0000000d1000000d2000000d1000000d3000000d2000000d1000000d4000000d3000000d4000000d5000000d3000000d6000000c0000000d7000000c0000000c2000000d7000000d8000000d9000000da000000db000000d8000000da000000dc000000dd000000d9000000d8000000dc000000d9000000d9000000de000000df000000da000000d9000000df000000dd000000e0000000de000000d9000000dd000000de000000e1000000e2000000e3000000e1000000e4000000e2000000e3000000e5000000e6000000e3000000e2000000e5000000e7000000e6000000e8000000e7000000e3000000e6000000e9000000e3000000e7000000e9000000e1000000e3000000ea000000eb000000ec000000eb000000ed000000ec000000ee000000ef000000f0000000ef000000f1000000f0000000f2000000f3000000f4000000f3000000f5000000f4000000eb000000f6000000ed000000f6000000f7000000ed000000f8000000f9000000fa000000f9000000fb000000fa000000fc000000ee000000fd000000ee000000f0000000fd000000f3000000fe000000f5000000fe000000ff000000f500000000010000f800000001010000f8000000fa000000010100000201000003010000040100000301000005010000040100000601000007010000080100000701000009010000080100000a0100000b0100000c0100000b0100000d0100000c010000070100000e010000090100000e0100000f010000090100000b010000100100000d01000010010000110100000d010000120100001301000014010000130100001501000014010000130100001601000015010000160100001701000015010000180100000201000019010000020100000401000019010000
      m_Topology: 0
    m_Mesh: {fileID: 0}
  m_SkinMeshRef: {fileID: 0}
  m_OriginalMeshObject: {fileID: 4300000, guid: 356d1b34c9bf50c4b8a5962c6299d77b,
    type: 2}
  m_Mode: 0
--- !u!54 &128191729981433889
Rigidbody:
  m_ObjectHideFlags: 0
  m_CorrespondingSourceObject: {fileID: 0}
  m_PrefabInstance: {fileID: 0}
  m_PrefabAsset: {fileID: 0}
  m_GameObject: {fileID: 128191729981433893}
  serializedVersion: 2
  m_Mass: 20
  m_Drag: 0
  m_AngularDrag: 0
  m_UseGravity: 0
  m_IsKinematic: 1
  m_Interpolate: 0
  m_Constraints: 0
  m_CollisionDetection: 0
--- !u!114 &128191729981433888
MonoBehaviour:
  m_ObjectHideFlags: 0
  m_CorrespondingSourceObject: {fileID: 0}
  m_PrefabInstance: {fileID: 0}
  m_PrefabAsset: {fileID: 0}
  m_GameObject: {fileID: 128191729981433893}
  m_Enabled: 1
  m_EditorHideFlags: 0
  m_Script: {fileID: 11500000, guid: 9bf9d4c4f0f8629478d9747008118de6, type: 3}
  m_Name: 
  m_EditorClassIdentifier: 
  Rigidbody: {fileID: 128191729981433889}
--- !u!114 &780604570
MonoBehaviour:
  m_ObjectHideFlags: 0
  m_CorrespondingSourceObject: {fileID: 0}
  m_PrefabInstance: {fileID: 0}
  m_PrefabAsset: {fileID: 0}
  m_GameObject: {fileID: 128191729981433893}
  m_Enabled: 1
  m_EditorHideFlags: 0
  m_Script: {fileID: 11500000, guid: b4d0253e395313342ae517169c000bfb, type: 3}
  m_Name: 
  m_EditorClassIdentifier: 
  mover: {fileID: 128191729981433888}
  distanceCheckScalar: 1
  optimizerScalar: 1
  rotationType: 1
  speed: 200
  angles:
  - {x: 0, y: 0, z: 0}
  - {x: 0, y: 0, z: -90}
  startDelay: 3
  waitDelay: 3
  anticipationDelay: 0
  disableIfFinished: 0
  anticipationClip: {fileID: 8300000, guid: 481fb63ee03b84fa4bbb30b986ce008d, type: 3}
  swivelClip: {fileID: 8300000, guid: f06b5d5df6a724fe8aa5a3e60c2b757d, type: 3}
  swivelEndClip: {fileID: 8300000, guid: 8f24467b2310243e3a0be0e520f15fc6, type: 3}
  shakeAnim: {fileID: 1464915446}
--- !u!114 &7437883664182770977
MonoBehaviour:
  m_ObjectHideFlags: 0
  m_CorrespondingSourceObject: {fileID: 0}
  m_PrefabInstance: {fileID: 0}
  m_PrefabAsset: {fileID: 0}
  m_GameObject: {fileID: 128191729981433893}
  m_Enabled: 1
  m_EditorHideFlags: 0
  m_Script: {fileID: 11500000, guid: 32d283f7ca1351d44b57f85ae3e5fcdd, type: 3}
  m_Name: 
  m_EditorClassIdentifier: 
  slowResistance: 1
  ignorePhysicsAspect: 0
  log: 0
--- !u!95 &1464915446
Animator:
  serializedVersion: 3
  m_ObjectHideFlags: 0
  m_CorrespondingSourceObject: {fileID: 0}
  m_PrefabInstance: {fileID: 0}
  m_PrefabAsset: {fileID: 0}
  m_GameObject: {fileID: 128191729981433893}
  m_Enabled: 1
  m_Avatar: {fileID: 0}
  m_Controller: {fileID: 9100000, guid: 839adb39152144b9c95ab825b405ef41, type: 2}
  m_CullingMode: 0
  m_UpdateMode: 0
  m_ApplyRootMotion: 0
  m_LinearVelocityBlending: 0
  m_WarningMessage: 
  m_HasTransformHierarchy: 1
  m_AllowConstantClipSamplingOptimization: 1
  m_KeepAnimatorControllerStateOnDisable: 0
--- !u!114 &5579856730698055761
MonoBehaviour:
  m_ObjectHideFlags: 0
  m_CorrespondingSourceObject: {fileID: 0}
  m_PrefabInstance: {fileID: 0}
  m_PrefabAsset: {fileID: 0}
  m_GameObject: {fileID: 128191729981433893}
  m_Enabled: 1
  m_EditorHideFlags: 0
  m_Script: {fileID: 11500000, guid: 5d677f2ca502edc43bc67ceb2ac23abe, type: 3}
  m_Name: 
  m_EditorClassIdentifier: 
  animator: {fileID: 1464915446}
  distance: 50
  setCullCompletely: 1
--- !u!1 &128191730220629117
GameObject:
  m_ObjectHideFlags: 0
  m_CorrespondingSourceObject: {fileID: 0}
  m_PrefabInstance: {fileID: 0}
  m_PrefabAsset: {fileID: 0}
  serializedVersion: 6
  m_Component:
  - component: {fileID: 128191730220629118}
  - component: {fileID: 128191730220629113}
  - component: {fileID: 128191730220629112}
  m_Layer: 0
  m_Name: Metal Frame Side
  m_TagString: NoclipPlatform
  m_Icon: {fileID: 0}
  m_NavMeshLayer: 0
  m_StaticEditorFlags: 16
  m_IsActive: 1
--- !u!4 &128191730220629118
Transform:
  m_ObjectHideFlags: 0
  m_CorrespondingSourceObject: {fileID: 0}
  m_PrefabInstance: {fileID: 0}
  m_PrefabAsset: {fileID: 0}
  m_GameObject: {fileID: 128191730220629117}
  m_LocalRotation: {x: -0, y: -0, z: -0.7071068, w: 0.7071068}
  m_LocalPosition: {x: -1.008, y: -0.23216629, z: 1.0802307}
  m_LocalScale: {x: 1, y: 1, z: 1}
  m_Children: []
  m_Father: {fileID: 128191730662873651}
  m_RootOrder: 1
  m_LocalEulerAnglesHint: {x: 0, y: 0, z: 0}
--- !u!33 &128191730220629113
MeshFilter:
  m_ObjectHideFlags: 0
  m_CorrespondingSourceObject: {fileID: 0}
  m_PrefabInstance: {fileID: 0}
  m_PrefabAsset: {fileID: 0}
  m_GameObject: {fileID: 128191730220629117}
  m_Mesh: {fileID: 4300000, guid: 1b2bf269bc6c6d44c81c3fdf436d8096, type: 2}
--- !u!23 &128191730220629112
MeshRenderer:
  m_ObjectHideFlags: 0
  m_CorrespondingSourceObject: {fileID: 0}
  m_PrefabInstance: {fileID: 0}
  m_PrefabAsset: {fileID: 0}
  m_GameObject: {fileID: 128191730220629117}
  m_Enabled: 1
  m_CastShadows: 1
  m_ReceiveShadows: 1
  m_DynamicOccludee: 1
  m_MotionVectors: 1
  m_LightProbeUsage: 1
  m_ReflectionProbeUsage: 1
  m_RayTracingMode: 2
  m_RenderingLayerMask: 1
  m_RendererPriority: 0
  m_Materials:
  - {fileID: 2100000, guid: 0033aedc47df640a48c29c8616079255, type: 2}
  m_StaticBatchInfo:
    firstSubMesh: 0
    subMeshCount: 0
  m_StaticBatchRoot: {fileID: 0}
  m_ProbeAnchor: {fileID: 0}
  m_LightProbeVolumeOverride: {fileID: 0}
  m_ScaleInLightmap: 1
  m_ReceiveGI: 1
  m_PreserveUVs: 0
  m_IgnoreNormalsForChartDetection: 0
  m_ImportantGI: 0
  m_StitchLightmapSeams: 0
  m_SelectedEditorRenderState: 2
  m_MinimumChartSize: 4
  m_AutoUVMaxDistance: 0.5
  m_AutoUVMaxAngle: 89
  m_LightmapParameters: {fileID: 0}
  m_SortingLayerID: 0
  m_SortingLayer: 0
  m_SortingOrder: 0
--- !u!1 &128191730662873650
GameObject:
  m_ObjectHideFlags: 0
  m_CorrespondingSourceObject: {fileID: 0}
  m_PrefabInstance: {fileID: 0}
  m_PrefabAsset: {fileID: 0}
  serializedVersion: 6
  m_Component:
  - component: {fileID: 128191730662873651}
  m_Layer: 0
  m_Name: Metal Frame
  m_TagString: NoclipPlatform
  m_Icon: {fileID: 0}
  m_NavMeshLayer: 0
  m_StaticEditorFlags: 16
  m_IsActive: 1
--- !u!4 &128191730662873651
Transform:
  m_ObjectHideFlags: 0
  m_CorrespondingSourceObject: {fileID: 0}
  m_PrefabInstance: {fileID: 0}
  m_PrefabAsset: {fileID: 0}
  m_GameObject: {fileID: 128191730662873650}
  m_LocalRotation: {x: 0, y: 0, z: 0, w: 1}
  m_LocalPosition: {x: 0, y: 0, z: 0}
  m_LocalScale: {x: 1, y: 1, z: 1}
  m_Children:
  - {fileID: 128191731245027838}
  - {fileID: 128191730220629118}
  m_Father: {fileID: 128191730752246201}
  m_RootOrder: 0
  m_LocalEulerAnglesHint: {x: 0, y: 0, z: 0}
--- !u!1 &128191730752246200
GameObject:
  m_ObjectHideFlags: 0
  m_CorrespondingSourceObject: {fileID: 0}
  m_PrefabInstance: {fileID: 0}
  m_PrefabAsset: {fileID: 0}
  serializedVersion: 6
  m_Component:
  - component: {fileID: 128191730752246201}
  - component: {fileID: 2643691359890581589}
  - component: {fileID: 6832040510136927098}
  m_Layer: 0
  m_Name: Timed Swivel Flip Platform (90 Degrees)
  m_TagString: Untagged
  m_Icon: {fileID: 0}
  m_NavMeshLayer: 0
  m_StaticEditorFlags: 16
  m_IsActive: 1
--- !u!4 &128191730752246201
Transform:
  m_ObjectHideFlags: 0
  m_CorrespondingSourceObject: {fileID: 0}
  m_PrefabInstance: {fileID: 0}
  m_PrefabAsset: {fileID: 0}
  m_GameObject: {fileID: 128191730752246200}
  m_LocalRotation: {x: 0, y: 0, z: 0, w: 1}
  m_LocalPosition: {x: -197.09, y: 53.34, z: 11.5}
  m_LocalScale: {x: 1, y: 1, z: 1}
  m_Children:
  - {fileID: 128191730662873651}
  - {fileID: 128191729981433894}
  m_Father: {fileID: 0}
  m_RootOrder: 0
  m_LocalEulerAnglesHint: {x: 0, y: 0, z: 0}
--- !u!114 &2643691359890581589
MonoBehaviour:
  m_ObjectHideFlags: 0
  m_CorrespondingSourceObject: {fileID: 0}
  m_PrefabInstance: {fileID: 0}
  m_PrefabAsset: {fileID: 0}
  m_GameObject: {fileID: 128191730752246200}
  m_Enabled: 1
  m_EditorHideFlags: 0
  m_Script: {fileID: 11500000, guid: 8cb5599dbecac4fcf89b0860c936bdf6, type: 3}
  m_Name: 
  m_EditorClassIdentifier: 
  offset: {x: -1, y: 0.5, z: 0}
  iconPath: GIZMO_SwivelPlat
  allowScaling: 0
  onlyWhenSelected: 0
--- !u!205 &6832040510136927098
LODGroup:
  m_ObjectHideFlags: 0
  m_CorrespondingSourceObject: {fileID: 0}
  m_PrefabInstance: {fileID: 0}
  m_PrefabAsset: {fileID: 0}
  m_GameObject: {fileID: 128191730752246200}
  serializedVersion: 2
  m_LocalReferencePoint: {x: 0.6134073, y: -1.6765566, z: -0.46976852}
  m_Size: 3.411234
  m_FadeMode: 1
  m_AnimateCrossFading: 1
  m_LastLODIsBillboard: 0
  m_LODs:
  - screenRelativeHeight: 0.047508407
    fadeTransitionWidth: 0
    renderers:
    - renderer: {fileID: 128191731245027832}
    - renderer: {fileID: 128191730220629112}
    - renderer: {fileID: 128191729981433885}
  - screenRelativeHeight: 0.026853828
    fadeTransitionWidth: 0
    renderers:
    - renderer: {fileID: 3963019580300955668}
  m_Enabled: 1
--- !u!1 &128191731245027837
GameObject:
  m_ObjectHideFlags: 0
  m_CorrespondingSourceObject: {fileID: 0}
  m_PrefabInstance: {fileID: 0}
  m_PrefabAsset: {fileID: 0}
  serializedVersion: 6
  m_Component:
  - component: {fileID: 128191731245027838}
  - component: {fileID: 128191731245027833}
  - component: {fileID: 128191731245027832}
  m_Layer: 0
  m_Name: Metal Frame Top
  m_TagString: NoclipPlatform
  m_Icon: {fileID: 0}
  m_NavMeshLayer: 0
  m_StaticEditorFlags: 16
  m_IsActive: 1
--- !u!4 &128191731245027838
Transform:
  m_ObjectHideFlags: 0
  m_CorrespondingSourceObject: {fileID: 0}
  m_PrefabInstance: {fileID: 0}
  m_PrefabAsset: {fileID: 0}
  m_GameObject: {fileID: 128191731245027837}
  m_LocalRotation: {x: -0, y: -0, z: -0, w: 1}
  m_LocalPosition: {x: -0.90515137, y: -0.23216629, z: 1.0802307}
  m_LocalScale: {x: 1, y: 1, z: 1}
  m_Children: []
  m_Father: {fileID: 128191730662873651}
  m_RootOrder: 0
  m_LocalEulerAnglesHint: {x: 0, y: 0, z: 0}
--- !u!33 &128191731245027833
MeshFilter:
  m_ObjectHideFlags: 0
  m_CorrespondingSourceObject: {fileID: 0}
  m_PrefabInstance: {fileID: 0}
  m_PrefabAsset: {fileID: 0}
  m_GameObject: {fileID: 128191731245027837}
  m_Mesh: {fileID: 4300000, guid: 1b2bf269bc6c6d44c81c3fdf436d8096, type: 2}
--- !u!23 &128191731245027832
MeshRenderer:
  m_ObjectHideFlags: 0
  m_CorrespondingSourceObject: {fileID: 0}
  m_PrefabInstance: {fileID: 0}
  m_PrefabAsset: {fileID: 0}
  m_GameObject: {fileID: 128191731245027837}
  m_Enabled: 1
  m_CastShadows: 1
  m_ReceiveShadows: 1
  m_DynamicOccludee: 1
  m_MotionVectors: 1
  m_LightProbeUsage: 1
  m_ReflectionProbeUsage: 1
  m_RayTracingMode: 2
  m_RenderingLayerMask: 1
  m_RendererPriority: 0
  m_Materials:
  - {fileID: 2100000, guid: 0033aedc47df640a48c29c8616079255, type: 2}
  m_StaticBatchInfo:
    firstSubMesh: 0
    subMeshCount: 0
  m_StaticBatchRoot: {fileID: 0}
  m_ProbeAnchor: {fileID: 0}
  m_LightProbeVolumeOverride: {fileID: 0}
  m_ScaleInLightmap: 1
  m_ReceiveGI: 1
  m_PreserveUVs: 0
  m_IgnoreNormalsForChartDetection: 0
  m_ImportantGI: 0
  m_StitchLightmapSeams: 0
  m_SelectedEditorRenderState: 2
  m_MinimumChartSize: 4
  m_AutoUVMaxDistance: 0.5
  m_AutoUVMaxAngle: 89
  m_LightmapParameters: {fileID: 0}
  m_SortingLayerID: 0
  m_SortingLayer: 0
  m_SortingOrder: 0
--- !u!1 &6855238925767735926
GameObject:
  m_ObjectHideFlags: 0
  m_CorrespondingSourceObject: {fileID: 0}
  m_PrefabInstance: {fileID: 0}
  m_PrefabAsset: {fileID: 0}
  serializedVersion: 6
  m_Component:
  - component: {fileID: 2345198786576369362}
  - component: {fileID: 3709853332568036512}
  - component: {fileID: 3963019580300955668}
  m_Layer: 0
  m_Name: Impostor
  m_TagString: Untagged
  m_Icon: {fileID: 0}
  m_NavMeshLayer: 0
  m_StaticEditorFlags: 16
  m_IsActive: 1
--- !u!4 &2345198786576369362
Transform:
  m_ObjectHideFlags: 0
  m_CorrespondingSourceObject: {fileID: 0}
  m_PrefabInstance: {fileID: 0}
  m_PrefabAsset: {fileID: 0}
  m_GameObject: {fileID: 6855238925767735926}
  m_LocalRotation: {x: -0, y: -0, z: -0, w: 1}
  m_LocalPosition: {x: 0.868, y: 0.23316574, z: -1.0370026}
  m_LocalScale: {x: 1, y: 1, z: 1}
  m_Children: []
  m_Father: {fileID: 128191729981433894}
  m_RootOrder: 0
  m_LocalEulerAnglesHint: {x: 0, y: 0, z: 0}
--- !u!33 &3709853332568036512
MeshFilter:
  m_ObjectHideFlags: 0
  m_CorrespondingSourceObject: {fileID: 0}
  m_PrefabInstance: {fileID: 0}
  m_PrefabAsset: {fileID: 0}
  m_GameObject: {fileID: 6855238925767735926}
  m_Mesh: {fileID: -1575947511741531628, guid: fc6384090b5dd984586fa7b61ef8cf79, type: 2}
--- !u!23 &3963019580300955668
MeshRenderer:
  m_ObjectHideFlags: 0
  m_CorrespondingSourceObject: {fileID: 0}
  m_PrefabInstance: {fileID: 0}
  m_PrefabAsset: {fileID: 0}
  m_GameObject: {fileID: 6855238925767735926}
  m_Enabled: 1
  m_CastShadows: 1
  m_ReceiveShadows: 1
  m_DynamicOccludee: 1
  m_MotionVectors: 1
  m_LightProbeUsage: 1
  m_ReflectionProbeUsage: 1
  m_RayTracingMode: 2
  m_RenderingLayerMask: 1
  m_RendererPriority: 0
  m_Materials:
  - {fileID: -7288701348886847409, guid: fc6384090b5dd984586fa7b61ef8cf79, type: 2}
  m_StaticBatchInfo:
    firstSubMesh: 0
    subMeshCount: 0
  m_StaticBatchRoot: {fileID: 0}
  m_ProbeAnchor: {fileID: 0}
  m_LightProbeVolumeOverride: {fileID: 0}
  m_ScaleInLightmap: 1
  m_ReceiveGI: 1
  m_PreserveUVs: 0
  m_IgnoreNormalsForChartDetection: 0
  m_ImportantGI: 0
  m_StitchLightmapSeams: 1
  m_SelectedEditorRenderState: 3
  m_MinimumChartSize: 4
  m_AutoUVMaxDistance: 0.5
  m_AutoUVMaxAngle: 89
  m_LightmapParameters: {fileID: 0}
  m_SortingLayerID: 0
  m_SortingLayer: 0
  m_SortingOrder: 0
