%YAML 1.1
%TAG !u! tag:unity3d.com,2011:
--- !u!1 &3156807340496480070
GameObject:
  m_ObjectHideFlags: 0
  m_CorrespondingSourceObject: {fileID: 0}
  m_PrefabInstance: {fileID: 0}
  m_PrefabAsset: {fileID: 0}
  serializedVersion: 6
  m_Component:
  - component: {fileID: 3329307808089903242}
  - component: {fileID: 3738907405662784532}
  - component: {fileID: 6647128208253168302}
  m_Layer: 0
  m_Name: Impostor
  m_TagString: Untagged
  m_Icon: {fileID: 0}
  m_NavMeshLayer: 0
  m_StaticEditorFlags: 0
  m_IsActive: 1
--- !u!4 &3329307808089903242
Transform:
  m_ObjectHideFlags: 0
  m_CorrespondingSourceObject: {fileID: 0}
  m_PrefabInstance: {fileID: 0}
  m_PrefabAsset: {fileID: 0}
  m_GameObject: {fileID: 3156807340496480070}
  m_LocalRotation: {x: -0, y: -0, z: -0, w: 1}
  m_LocalPosition: {x: 0, y: 0, z: 0}
  m_LocalScale: {x: 1, y: 1, z: 1}
  m_Children: []
  m_Father: {fileID: 6969748403353373945}
  m_RootOrder: 3
  m_LocalEulerAnglesHint: {x: 0, y: 0, z: 0}
--- !u!33 &3738907405662784532
MeshFilter:
  m_ObjectHideFlags: 0
  m_CorrespondingSourceObject: {fileID: 0}
  m_PrefabInstance: {fileID: 0}
  m_PrefabAsset: {fileID: 0}
  m_GameObject: {fileID: 3156807340496480070}
  m_Mesh: {fileID: 43984758954732940, guid: 85d9127ba31fb40de83bf60b5526d01f, type: 2}
--- !u!23 &6647128208253168302
MeshRenderer:
  m_ObjectHideFlags: 0
  m_CorrespondingSourceObject: {fileID: 0}
  m_PrefabInstance: {fileID: 0}
  m_PrefabAsset: {fileID: 0}
  m_GameObject: {fileID: 3156807340496480070}
  m_Enabled: 1
  m_CastShadows: 0
  m_ReceiveShadows: 1
  m_DynamicOccludee: 1
  m_MotionVectors: 1
  m_LightProbeUsage: 1
  m_ReflectionProbeUsage: 1
  m_RayTracingMode: 2
  m_RenderingLayerMask: 1
  m_RendererPriority: 0
  m_Materials:
  - {fileID: 21789673296376322, guid: 85d9127ba31fb40de83bf60b5526d01f, type: 2}
  m_StaticBatchInfo:
    firstSubMesh: 0
    subMeshCount: 0
  m_StaticBatchRoot: {fileID: 0}
  m_ProbeAnchor: {fileID: 0}
  m_LightProbeVolumeOverride: {fileID: 0}
  m_ScaleInLightmap: 1
  m_ReceiveGI: 1
  m_PreserveUVs: 0
  m_IgnoreNormalsForChartDetection: 0
  m_ImportantGI: 0
  m_StitchLightmapSeams: 0
  m_SelectedEditorRenderState: 3
  m_MinimumChartSize: 4
  m_AutoUVMaxDistance: 0.5
  m_AutoUVMaxAngle: 89
  m_LightmapParameters: {fileID: 0}
  m_SortingLayerID: 0
  m_SortingLayer: 0
  m_SortingOrder: 0
--- !u!1 &6969748401960141313
GameObject:
  m_ObjectHideFlags: 0
  m_CorrespondingSourceObject: {fileID: 0}
  m_PrefabInstance: {fileID: 0}
  m_PrefabAsset: {fileID: 0}
  serializedVersion: 6
  m_Component:
  - component: {fileID: 6969748401960141312}
  m_Layer: 11
  m_Name: Plates
  m_TagString: Untagged
  m_Icon: {fileID: 0}
  m_NavMeshLayer: 0
  m_StaticEditorFlags: 0
  m_IsActive: 1
--- !u!4 &6969748401960141312
Transform:
  m_ObjectHideFlags: 0
  m_CorrespondingSourceObject: {fileID: 0}
  m_PrefabInstance: {fileID: 0}
  m_PrefabAsset: {fileID: 0}
  m_GameObject: {fileID: 6969748401960141313}
  m_LocalRotation: {x: 0, y: 0, z: 0, w: 1}
  m_LocalPosition: {x: 0.123, y: -2.179, z: 0.06}
  m_LocalScale: {x: 1, y: 1, z: 1}
  m_Children:
  - {fileID: 8794385255565636150}
  - {fileID: 8794385255892073684}
  - {fileID: 8794385256072982777}
  m_Father: {fileID: 6969748403069640437}
  m_RootOrder: 0
  m_LocalEulerAnglesHint: {x: 0, y: 0, z: 0}
--- !u!1 &6969748402495839598
GameObject:
  m_ObjectHideFlags: 0
  m_CorrespondingSourceObject: {fileID: 0}
  m_PrefabInstance: {fileID: 0}
  m_PrefabAsset: {fileID: 0}
  serializedVersion: 6
  m_Component:
  - component: {fileID: 6969748402495839593}
  - component: {fileID: 6969748402495839594}
  - component: {fileID: 6969748402495839595}
  m_Layer: 11
  m_Name: Foot 2
  m_TagString: Untagged
  m_Icon: {fileID: 0}
  m_NavMeshLayer: 0
  m_StaticEditorFlags: 4294967295
  m_IsActive: 1
--- !u!4 &6969748402495839593
Transform:
  m_ObjectHideFlags: 0
  m_CorrespondingSourceObject: {fileID: 0}
  m_PrefabInstance: {fileID: 0}
  m_PrefabAsset: {fileID: 0}
  m_GameObject: {fileID: 6969748402495839598}
  m_LocalRotation: {x: -0, y: -0, z: -0, w: 1}
  m_LocalPosition: {x: 0.4829998, y: -0.18499756, z: -2.5369987}
  m_LocalScale: {x: 1, y: 1, z: 1}
  m_Children: []
  m_Father: {fileID: 6969748403353373945}
  m_RootOrder: 1
  m_LocalEulerAnglesHint: {x: 0, y: 0, z: 0}
--- !u!33 &6969748402495839594
MeshFilter:
  m_ObjectHideFlags: 0
  m_CorrespondingSourceObject: {fileID: 0}
  m_PrefabInstance: {fileID: 0}
  m_PrefabAsset: {fileID: 0}
  m_GameObject: {fileID: 6969748402495839598}
  m_Mesh: {fileID: 4300000, guid: 32995beb94d82a242a9c109b06c368bb, type: 2}
--- !u!23 &6969748402495839595
MeshRenderer:
  m_ObjectHideFlags: 0
  m_CorrespondingSourceObject: {fileID: 0}
  m_PrefabInstance: {fileID: 0}
  m_PrefabAsset: {fileID: 0}
  m_GameObject: {fileID: 6969748402495839598}
  m_Enabled: 1
  m_CastShadows: 0
  m_ReceiveShadows: 1
  m_DynamicOccludee: 1
  m_MotionVectors: 1
  m_LightProbeUsage: 1
  m_ReflectionProbeUsage: 1
  m_RayTracingMode: 2
  m_RenderingLayerMask: 1
  m_RendererPriority: 0
  m_Materials:
  - {fileID: 2100000, guid: cb93118f7c53243b5806c18c5e96dd76, type: 2}
  m_StaticBatchInfo:
    firstSubMesh: 0
    subMeshCount: 0
  m_StaticBatchRoot: {fileID: 0}
  m_ProbeAnchor: {fileID: 0}
  m_LightProbeVolumeOverride: {fileID: 0}
  m_ScaleInLightmap: 1
  m_ReceiveGI: 1
  m_PreserveUVs: 0
  m_IgnoreNormalsForChartDetection: 0
  m_ImportantGI: 0
  m_StitchLightmapSeams: 0
  m_SelectedEditorRenderState: 2
  m_MinimumChartSize: 4
  m_AutoUVMaxDistance: 0.5
  m_AutoUVMaxAngle: 89
  m_LightmapParameters: {fileID: 0}
  m_SortingLayerID: 0
  m_SortingLayer: 0
  m_SortingOrder: 0
--- !u!1 &6969748403069640438
GameObject:
  m_ObjectHideFlags: 0
  m_CorrespondingSourceObject: {fileID: 0}
  m_PrefabInstance: {fileID: 0}
  m_PrefabAsset: {fileID: 0}
  serializedVersion: 6
  m_Component:
  - component: {fileID: 6969748403069640437}
  m_Layer: 11
  m_Name: Decoration
  m_TagString: Untagged
  m_Icon: {fileID: 0}
  m_NavMeshLayer: 0
  m_StaticEditorFlags: 0
  m_IsActive: 1
--- !u!4 &6969748403069640437
Transform:
  m_ObjectHideFlags: 0
  m_CorrespondingSourceObject: {fileID: 0}
  m_PrefabInstance: {fileID: 0}
  m_PrefabAsset: {fileID: 0}
  m_GameObject: {fileID: 6969748403069640438}
  m_LocalRotation: {x: 0, y: 0, z: 0, w: 1}
  m_LocalPosition: {x: 0, y: 0, z: 0}
  m_LocalScale: {x: 1, y: 1, z: 1}
  m_Children:
  - {fileID: 6969748401960141312}
  m_Father: {fileID: 6969748403353373945}
  m_RootOrder: 2
  m_LocalEulerAnglesHint: {x: 0, y: 0, z: 0}
--- !u!1 &6969748403353373950
GameObject:
  m_ObjectHideFlags: 0
  m_CorrespondingSourceObject: {fileID: 0}
  m_PrefabInstance: {fileID: 0}
  m_PrefabAsset: {fileID: 0}
  serializedVersion: 6
  m_Component:
  - component: {fileID: 6969748403353373945}
  - component: {fileID: 6969748403353373946}
  - component: {fileID: 6969748403353373947}
  - component: {fileID: 6969748403353373949}
  - component: {fileID: 6969748403353373927}
  - component: {fileID: 6969748403353373944}
  - component: {fileID: 2200139996631616711}
  - component: {fileID: 6830801054064671971}
  m_Layer: 11
  m_Name: Alpine Shelf
  m_TagString: Untagged
  m_Icon: {fileID: 0}
  m_NavMeshLayer: 0
  m_StaticEditorFlags: 4294967295
  m_IsActive: 1
--- !u!4 &6969748403353373945
Transform:
  m_ObjectHideFlags: 0
  m_CorrespondingSourceObject: {fileID: 0}
  m_PrefabInstance: {fileID: 0}
  m_PrefabAsset: {fileID: 0}
  m_GameObject: {fileID: 6969748403353373950}
  m_LocalRotation: {x: 0, y: 0, z: 0, w: 1}
  m_LocalPosition: {x: 9.890001, y: -31.501007, z: 2.58}
  m_LocalScale: {x: 1, y: 1, z: 1}
  m_Children:
  - {fileID: 6969748403767817956}
  - {fileID: 6969748402495839593}
  - {fileID: 6969748403069640437}
  - {fileID: 3329307808089903242}
  m_Father: {fileID: 0}
  m_RootOrder: 0
  m_LocalEulerAnglesHint: {x: 0, y: 0, z: 0}
--- !u!33 &6969748403353373946
MeshFilter:
  m_ObjectHideFlags: 0
  m_CorrespondingSourceObject: {fileID: 0}
  m_PrefabInstance: {fileID: 0}
  m_PrefabAsset: {fileID: 0}
  m_GameObject: {fileID: 6969748403353373950}
  m_Mesh: {fileID: 4300000, guid: 6fc870e014def4d4fb05275426b77a4c, type: 2}
--- !u!23 &6969748403353373947
MeshRenderer:
  m_ObjectHideFlags: 0
  m_CorrespondingSourceObject: {fileID: 0}
  m_PrefabInstance: {fileID: 0}
  m_PrefabAsset: {fileID: 0}
  m_GameObject: {fileID: 6969748403353373950}
  m_Enabled: 1
  m_CastShadows: 1
  m_ReceiveShadows: 1
  m_DynamicOccludee: 1
  m_MotionVectors: 1
  m_LightProbeUsage: 1
  m_ReflectionProbeUsage: 1
  m_RayTracingMode: 2
  m_RenderingLayerMask: 1
  m_RendererPriority: 0
  m_Materials:
  - {fileID: 2100000, guid: cb93118f7c53243b5806c18c5e96dd76, type: 2}
  m_StaticBatchInfo:
    firstSubMesh: 0
    subMeshCount: 0
  m_StaticBatchRoot: {fileID: 0}
  m_ProbeAnchor: {fileID: 0}
  m_LightProbeVolumeOverride: {fileID: 0}
  m_ScaleInLightmap: 1
  m_ReceiveGI: 1
  m_PreserveUVs: 0
  m_IgnoreNormalsForChartDetection: 0
  m_ImportantGI: 0
  m_StitchLightmapSeams: 0
  m_SelectedEditorRenderState: 2
  m_MinimumChartSize: 4
  m_AutoUVMaxDistance: 0.5
  m_AutoUVMaxAngle: 89
  m_LightmapParameters: {fileID: 0}
  m_SortingLayerID: 0
  m_SortingLayer: 0
  m_SortingOrder: 0
--- !u!64 &6969748403353373949
MeshCollider:
  m_ObjectHideFlags: 0
  m_CorrespondingSourceObject: {fileID: 0}
  m_PrefabInstance: {fileID: 0}
  m_PrefabAsset: {fileID: 0}
  m_GameObject: {fileID: 6969748403353373950}
  m_Material: {fileID: 0}
  m_IsTrigger: 0
  m_Enabled: 1
  serializedVersion: 4
  m_Convex: 0
  m_CookingOptions: 30
  m_Mesh: {fileID: 4300000, guid: 6fc870e014def4d4fb05275426b77a4c, type: 2}
--- !u!114 &6969748403353373927
MonoBehaviour:
  m_ObjectHideFlags: 0
  m_CorrespondingSourceObject: {fileID: 0}
  m_PrefabInstance: {fileID: 0}
  m_PrefabAsset: {fileID: 0}
  m_GameObject: {fileID: 6969748403353373950}
  m_Enabled: 1
  m_EditorHideFlags: 0
  m_Script: {fileID: 11500000, guid: 35f1ab2b2a81e4e09819f69c74773fa8, type: 3}
  m_Name: 
  m_EditorClassIdentifier: 
--- !u!114 &6969748403353373944
MonoBehaviour:
  m_ObjectHideFlags: 0
  m_CorrespondingSourceObject: {fileID: 0}
  m_PrefabInstance: {fileID: 0}
  m_PrefabAsset: {fileID: 0}
  m_GameObject: {fileID: 6969748403353373950}
  m_Enabled: 1
  m_EditorHideFlags: 0
  m_Script: {fileID: 11500000, guid: 08cdfba7c4ba0f24091fdcbfaa2b9fa1, type: 3}
  m_Name: 
  m_EditorClassIdentifier: 
--- !u!205 &2200139996631616711
LODGroup:
  m_ObjectHideFlags: 0
  m_CorrespondingSourceObject: {fileID: 0}
  m_PrefabInstance: {fileID: 0}
  m_PrefabAsset: {fileID: 0}
  m_GameObject: {fileID: 6969748403353373950}
  serializedVersion: 2
  m_LocalReferencePoint: {x: 0.71124554, y: 0.07830161, z: -1.5}
  m_Size: 3
  m_FadeMode: 1
  m_AnimateCrossFading: 1
  m_LastLODIsBillboard: 0
  m_LODs:
  - screenRelativeHeight: 0.043933026
    fadeTransitionWidth: 0
    renderers:
    - renderer: {fileID: 6969748403353373947}
    - renderer: {fileID: 6969748403767817958}
    - renderer: {fileID: 6969748402495839595}
    - renderer: {fileID: 8794385255565636145}
    - renderer: {fileID: 8794385255892073683}
    - renderer: {fileID: 8794385256072982782}
    - renderer: {fileID: 0}
    - renderer: {fileID: 0}
    - renderer: {fileID: 0}
    - renderer: {fileID: 0}
  - screenRelativeHeight: 0.028977167
    fadeTransitionWidth: 0
    renderers:
    - renderer: {fileID: 6647128208253168302}
  - screenRelativeHeight: 0.021645868
    fadeTransitionWidth: 0
    renderers:
    - renderer: {fileID: 6647128208253168302}
  m_Enabled: 1
--- !u!114 &6830801054064671971
MonoBehaviour:
  m_ObjectHideFlags: 0
  m_CorrespondingSourceObject: {fileID: 0}
  m_PrefabInstance: {fileID: 0}
  m_PrefabAsset: {fileID: 0}
  m_GameObject: {fileID: 6969748403353373950}
  m_Enabled: 1
  m_EditorHideFlags: 0
  m_Script: {fileID: 11500000, guid: 4fc475a4823031b4698bd74089767e16, type: 3}
  m_Name: 
  m_EditorClassIdentifier: 
--- !u!1 &6969748403767817977
GameObject:
  m_ObjectHideFlags: 0
  m_CorrespondingSourceObject: {fileID: 0}
  m_PrefabInstance: {fileID: 0}
  m_PrefabAsset: {fileID: 0}
  serializedVersion: 6
  m_Component:
  - component: {fileID: 6969748403767817956}
  - component: {fileID: 6969748403767817957}
  - component: {fileID: 6969748403767817958}
  m_Layer: 11
  m_Name: Foot 1
  m_TagString: Untagged
  m_Icon: {fileID: 0}
  m_NavMeshLayer: 0
  m_StaticEditorFlags: 4294967295
  m_IsActive: 1
--- !u!4 &6969748403767817956
Transform:
  m_ObjectHideFlags: 0
  m_CorrespondingSourceObject: {fileID: 0}
  m_PrefabInstance: {fileID: 0}
  m_PrefabAsset: {fileID: 0}
  m_GameObject: {fileID: 6969748403767817977}
  m_LocalRotation: {x: -0, y: -0, z: -0, w: 1}
  m_LocalPosition: {x: 0.4829998, y: -0.18499756, z: -0.2729988}
  m_LocalScale: {x: 1, y: 1, z: 1}
  m_Children: []
  m_Father: {fileID: 6969748403353373945}
  m_RootOrder: 0
  m_LocalEulerAnglesHint: {x: 0, y: 0, z: 0}
--- !u!33 &6969748403767817957
MeshFilter:
  m_ObjectHideFlags: 0
  m_CorrespondingSourceObject: {fileID: 0}
  m_PrefabInstance: {fileID: 0}
  m_PrefabAsset: {fileID: 0}
  m_GameObject: {fileID: 6969748403767817977}
  m_Mesh: {fileID: 4300000, guid: 32995beb94d82a242a9c109b06c368bb, type: 2}
--- !u!23 &6969748403767817958
MeshRenderer:
  m_ObjectHideFlags: 0
  m_CorrespondingSourceObject: {fileID: 0}
  m_PrefabInstance: {fileID: 0}
  m_PrefabAsset: {fileID: 0}
  m_GameObject: {fileID: 6969748403767817977}
  m_Enabled: 1
  m_CastShadows: 0
  m_ReceiveShadows: 1
  m_DynamicOccludee: 1
  m_MotionVectors: 1
  m_LightProbeUsage: 1
  m_ReflectionProbeUsage: 1
  m_RayTracingMode: 2
  m_RenderingLayerMask: 1
  m_RendererPriority: 0
  m_Materials:
  - {fileID: 2100000, guid: cb93118f7c53243b5806c18c5e96dd76, type: 2}
  m_StaticBatchInfo:
    firstSubMesh: 0
    subMeshCount: 0
  m_StaticBatchRoot: {fileID: 0}
  m_ProbeAnchor: {fileID: 0}
  m_LightProbeVolumeOverride: {fileID: 0}
  m_ScaleInLightmap: 1
  m_ReceiveGI: 1
  m_PreserveUVs: 0
  m_IgnoreNormalsForChartDetection: 0
  m_ImportantGI: 0
  m_StitchLightmapSeams: 0
  m_SelectedEditorRenderState: 2
  m_MinimumChartSize: 4
  m_AutoUVMaxDistance: 0.5
  m_AutoUVMaxAngle: 89
  m_LightmapParameters: {fileID: 0}
  m_SortingLayerID: 0
  m_SortingLayer: 0
  m_SortingOrder: 0
--- !u!1001 &6969748402016571321
PrefabInstance:
  m_ObjectHideFlags: 0
  serializedVersion: 2
  m_Modification:
    m_TransformParent: {fileID: 6969748401960141312}
    m_Modifications:
    - target: {fileID: 1923718691513070445, guid: 1dd6e3e15a6844560a87ed71197a140e,
        type: 3}
      propertyPath: m_RootOrder
      value: 1
      objectReference: {fileID: 0}
    - target: {fileID: 1923718691513070445, guid: 1dd6e3e15a6844560a87ed71197a140e,
        type: 3}
      propertyPath: m_LocalScale.x
      value: 0.02
      objectReference: {fileID: 0}
    - target: {fileID: 1923718691513070445, guid: 1dd6e3e15a6844560a87ed71197a140e,
        type: 3}
      propertyPath: m_LocalScale.y
      value: 0.020000007
      objectReference: {fileID: 0}
    - target: {fileID: 1923718691513070445, guid: 1dd6e3e15a6844560a87ed71197a140e,
        type: 3}
      propertyPath: m_LocalScale.z
      value: 0.020000007
      objectReference: {fileID: 0}
    - target: {fileID: 1923718691513070445, guid: 1dd6e3e15a6844560a87ed71197a140e,
        type: 3}
      propertyPath: m_LocalPosition.x
      value: 0.64699936
      objectReference: {fileID: 0}
    - target: {fileID: 1923718691513070445, guid: 1dd6e3e15a6844560a87ed71197a140e,
        type: 3}
      propertyPath: m_LocalPosition.y
      value: 2.5859985
      objectReference: {fileID: 0}
    - target: {fileID: 1923718691513070445, guid: 1dd6e3e15a6844560a87ed71197a140e,
        type: 3}
      propertyPath: m_LocalPosition.z
      value: -1.3320007
      objectReference: {fileID: 0}
    - target: {fileID: 1923718691513070445, guid: 1dd6e3e15a6844560a87ed71197a140e,
        type: 3}
      propertyPath: m_LocalRotation.w
      value: 0.54167527
      objectReference: {fileID: 0}
    - target: {fileID: 1923718691513070445, guid: 1dd6e3e15a6844560a87ed71197a140e,
        type: 3}
      propertyPath: m_LocalRotation.x
      value: -0.45451945
      objectReference: {fileID: 0}
    - target: {fileID: 1923718691513070445, guid: 1dd6e3e15a6844560a87ed71197a140e,
        type: 3}
      propertyPath: m_LocalRotation.y
      value: 0.54167527
      objectReference: {fileID: 0}
    - target: {fileID: 1923718691513070445, guid: 1dd6e3e15a6844560a87ed71197a140e,
        type: 3}
      propertyPath: m_LocalRotation.z
      value: 0.45451945
      objectReference: {fileID: 0}
    - target: {fileID: 1923718691513070445, guid: 1dd6e3e15a6844560a87ed71197a140e,
        type: 3}
      propertyPath: m_LocalEulerAnglesHint.x
      value: -80
      objectReference: {fileID: 0}
    - target: {fileID: 1923718691513070445, guid: 1dd6e3e15a6844560a87ed71197a140e,
        type: 3}
      propertyPath: m_LocalEulerAnglesHint.y
      value: 90
      objectReference: {fileID: 0}
    - target: {fileID: 1923718691513070445, guid: 1dd6e3e15a6844560a87ed71197a140e,
        type: 3}
      propertyPath: m_LocalEulerAnglesHint.z
      value: 0
      objectReference: {fileID: 0}
    - target: {fileID: 1923718691513070446, guid: 1dd6e3e15a6844560a87ed71197a140e,
        type: 3}
      propertyPath: m_Name
      value: Plate (1)
      objectReference: {fileID: 0}
    - target: {fileID: 2615682879058268940, guid: 1dd6e3e15a6844560a87ed71197a140e,
        type: 3}
      propertyPath: m_IsActive
      value: 0
      objectReference: {fileID: 0}
    - target: {fileID: 2843343386454748994, guid: 1dd6e3e15a6844560a87ed71197a140e,
        type: 3}
      propertyPath: m_Enabled
      value: 0
      objectReference: {fileID: 0}
    - target: {fileID: 7470794919374712192, guid: 1dd6e3e15a6844560a87ed71197a140e,
        type: 3}
      propertyPath: m_lodGroup
      value: 
      objectReference: {fileID: 0}
    m_RemovedComponents:
    - {fileID: 2843343386454748994, guid: 1dd6e3e15a6844560a87ed71197a140e, type: 3}
  m_SourcePrefab: {fileID: 100100000, guid: 1dd6e3e15a6844560a87ed71197a140e, type: 3}
--- !u!4 &8794385255892073684 stripped
Transform:
  m_CorrespondingSourceObject: {fileID: 1923718691513070445, guid: 1dd6e3e15a6844560a87ed71197a140e,
    type: 3}
  m_PrefabInstance: {fileID: 6969748402016571321}
  m_PrefabAsset: {fileID: 0}
--- !u!23 &8794385255892073683 stripped
MeshRenderer:
  m_CorrespondingSourceObject: {fileID: 1923718691513070442, guid: 1dd6e3e15a6844560a87ed71197a140e,
    type: 3}
  m_PrefabInstance: {fileID: 6969748402016571321}
  m_PrefabAsset: {fileID: 0}
--- !u!1001 &6969748402104157076
PrefabInstance:
  m_ObjectHideFlags: 0
  serializedVersion: 2
  m_Modification:
    m_TransformParent: {fileID: 6969748401960141312}
    m_Modifications:
    - target: {fileID: 1923718691513070445, guid: 1dd6e3e15a6844560a87ed71197a140e,
        type: 3}
      propertyPath: m_RootOrder
      value: 2
      objectReference: {fileID: 0}
    - target: {fileID: 1923718691513070445, guid: 1dd6e3e15a6844560a87ed71197a140e,
        type: 3}
      propertyPath: m_LocalScale.x
      value: 0.02
      objectReference: {fileID: 0}
    - target: {fileID: 1923718691513070445, guid: 1dd6e3e15a6844560a87ed71197a140e,
        type: 3}
      propertyPath: m_LocalScale.y
      value: 0.020000007
      objectReference: {fileID: 0}
    - target: {fileID: 1923718691513070445, guid: 1dd6e3e15a6844560a87ed71197a140e,
        type: 3}
      propertyPath: m_LocalScale.z
      value: 0.020000007
      objectReference: {fileID: 0}
    - target: {fileID: 1923718691513070445, guid: 1dd6e3e15a6844560a87ed71197a140e,
        type: 3}
      propertyPath: m_LocalPosition.x
      value: 0.64699936
      objectReference: {fileID: 0}
    - target: {fileID: 1923718691513070445, guid: 1dd6e3e15a6844560a87ed71197a140e,
        type: 3}
      propertyPath: m_LocalPosition.y
      value: 2.5879974
      objectReference: {fileID: 0}
    - target: {fileID: 1923718691513070445, guid: 1dd6e3e15a6844560a87ed71197a140e,
        type: 3}
      propertyPath: m_LocalPosition.z
      value: -2.323
      objectReference: {fileID: 0}
    - target: {fileID: 1923718691513070445, guid: 1dd6e3e15a6844560a87ed71197a140e,
        type: 3}
      propertyPath: m_LocalRotation.w
      value: 0.54167527
      objectReference: {fileID: 0}
    - target: {fileID: 1923718691513070445, guid: 1dd6e3e15a6844560a87ed71197a140e,
        type: 3}
      propertyPath: m_LocalRotation.x
      value: -0.45451945
      objectReference: {fileID: 0}
    - target: {fileID: 1923718691513070445, guid: 1dd6e3e15a6844560a87ed71197a140e,
        type: 3}
      propertyPath: m_LocalRotation.y
      value: 0.54167527
      objectReference: {fileID: 0}
    - target: {fileID: 1923718691513070445, guid: 1dd6e3e15a6844560a87ed71197a140e,
        type: 3}
      propertyPath: m_LocalRotation.z
      value: 0.45451945
      objectReference: {fileID: 0}
    - target: {fileID: 1923718691513070445, guid: 1dd6e3e15a6844560a87ed71197a140e,
        type: 3}
      propertyPath: m_LocalEulerAnglesHint.x
      value: -80
      objectReference: {fileID: 0}
    - target: {fileID: 1923718691513070445, guid: 1dd6e3e15a6844560a87ed71197a140e,
        type: 3}
      propertyPath: m_LocalEulerAnglesHint.y
      value: 90
      objectReference: {fileID: 0}
    - target: {fileID: 1923718691513070445, guid: 1dd6e3e15a6844560a87ed71197a140e,
        type: 3}
      propertyPath: m_LocalEulerAnglesHint.z
      value: 0
      objectReference: {fileID: 0}
    - target: {fileID: 1923718691513070446, guid: 1dd6e3e15a6844560a87ed71197a140e,
        type: 3}
      propertyPath: m_Name
      value: Plate (4)
      objectReference: {fileID: 0}
    - target: {fileID: 2615682879058268940, guid: 1dd6e3e15a6844560a87ed71197a140e,
        type: 3}
      propertyPath: m_IsActive
      value: 0
      objectReference: {fileID: 0}
    - target: {fileID: 2843343386454748994, guid: 1dd6e3e15a6844560a87ed71197a140e,
        type: 3}
      propertyPath: m_Enabled
      value: 0
      objectReference: {fileID: 0}
    - target: {fileID: 7470794919374712192, guid: 1dd6e3e15a6844560a87ed71197a140e,
        type: 3}
      propertyPath: m_lodGroup
      value: 
      objectReference: {fileID: 0}
    m_RemovedComponents:
    - {fileID: 2843343386454748994, guid: 1dd6e3e15a6844560a87ed71197a140e, type: 3}
  m_SourcePrefab: {fileID: 100100000, guid: 1dd6e3e15a6844560a87ed71197a140e, type: 3}
--- !u!4 &8794385256072982777 stripped
Transform:
  m_CorrespondingSourceObject: {fileID: 1923718691513070445, guid: 1dd6e3e15a6844560a87ed71197a140e,
    type: 3}
  m_PrefabInstance: {fileID: 6969748402104157076}
  m_PrefabAsset: {fileID: 0}
--- !u!23 &8794385256072982782 stripped
MeshRenderer:
  m_CorrespondingSourceObject: {fileID: 1923718691513070442, guid: 1dd6e3e15a6844560a87ed71197a140e,
    type: 3}
  m_PrefabInstance: {fileID: 6969748402104157076}
  m_PrefabAsset: {fileID: 0}
--- !u!1001 &6969748402628608347
PrefabInstance:
  m_ObjectHideFlags: 0
  serializedVersion: 2
  m_Modification:
    m_TransformParent: {fileID: 6969748401960141312}
    m_Modifications:
    - target: {fileID: 1923718691513070445, guid: 1dd6e3e15a6844560a87ed71197a140e,
        type: 3}
      propertyPath: m_RootOrder
      value: 0
      objectReference: {fileID: 0}
    - target: {fileID: 1923718691513070445, guid: 1dd6e3e15a6844560a87ed71197a140e,
        type: 3}
      propertyPath: m_LocalScale.x
      value: 0.02
      objectReference: {fileID: 0}
    - target: {fileID: 1923718691513070445, guid: 1dd6e3e15a6844560a87ed71197a140e,
        type: 3}
      propertyPath: m_LocalScale.y
      value: 0.020000003
      objectReference: {fileID: 0}
    - target: {fileID: 1923718691513070445, guid: 1dd6e3e15a6844560a87ed71197a140e,
        type: 3}
      propertyPath: m_LocalScale.z
      value: 0.020000003
      objectReference: {fileID: 0}
    - target: {fileID: 1923718691513070445, guid: 1dd6e3e15a6844560a87ed71197a140e,
        type: 3}
      propertyPath: m_LocalPosition.x
      value: 0.64699936
      objectReference: {fileID: 0}
    - target: {fileID: 1923718691513070445, guid: 1dd6e3e15a6844560a87ed71197a140e,
        type: 3}
      propertyPath: m_LocalPosition.y
      value: 2.5859985
      objectReference: {fileID: 0}
    - target: {fileID: 1923718691513070445, guid: 1dd6e3e15a6844560a87ed71197a140e,
        type: 3}
      propertyPath: m_LocalPosition.z
      value: -0.8129997
      objectReference: {fileID: 0}
    - target: {fileID: 1923718691513070445, guid: 1dd6e3e15a6844560a87ed71197a140e,
        type: 3}
      propertyPath: m_LocalRotation.w
      value: 0.54167527
      objectReference: {fileID: 0}
    - target: {fileID: 1923718691513070445, guid: 1dd6e3e15a6844560a87ed71197a140e,
        type: 3}
      propertyPath: m_LocalRotation.x
      value: -0.45451945
      objectReference: {fileID: 0}
    - target: {fileID: 1923718691513070445, guid: 1dd6e3e15a6844560a87ed71197a140e,
        type: 3}
      propertyPath: m_LocalRotation.y
      value: 0.54167527
      objectReference: {fileID: 0}
    - target: {fileID: 1923718691513070445, guid: 1dd6e3e15a6844560a87ed71197a140e,
        type: 3}
      propertyPath: m_LocalRotation.z
      value: 0.45451945
      objectReference: {fileID: 0}
    - target: {fileID: 1923718691513070445, guid: 1dd6e3e15a6844560a87ed71197a140e,
        type: 3}
      propertyPath: m_LocalEulerAnglesHint.x
      value: -80
      objectReference: {fileID: 0}
    - target: {fileID: 1923718691513070445, guid: 1dd6e3e15a6844560a87ed71197a140e,
        type: 3}
      propertyPath: m_LocalEulerAnglesHint.y
      value: 90
      objectReference: {fileID: 0}
    - target: {fileID: 1923718691513070445, guid: 1dd6e3e15a6844560a87ed71197a140e,
        type: 3}
      propertyPath: m_LocalEulerAnglesHint.z
      value: 0
      objectReference: {fileID: 0}
    - target: {fileID: 1923718691513070446, guid: 1dd6e3e15a6844560a87ed71197a140e,
        type: 3}
      propertyPath: m_Name
      value: Plate
      objectReference: {fileID: 0}
    - target: {fileID: 2615682879058268940, guid: 1dd6e3e15a6844560a87ed71197a140e,
        type: 3}
      propertyPath: m_IsActive
      value: 0
      objectReference: {fileID: 0}
    - target: {fileID: 2843343386454748994, guid: 1dd6e3e15a6844560a87ed71197a140e,
        type: 3}
      propertyPath: m_Enabled
      value: 0
      objectReference: {fileID: 0}
    - target: {fileID: 7470794919374712192, guid: 1dd6e3e15a6844560a87ed71197a140e,
        type: 3}
      propertyPath: m_lodGroup
      value: 
      objectReference: {fileID: 0}
    - target: {fileID: 7470794919374712192, guid: 1dd6e3e15a6844560a87ed71197a140e,
        type: 3}
      propertyPath: m_insertIndex
      value: 0
      objectReference: {fileID: 0}
    m_RemovedComponents:
    - {fileID: 2843343386454748994, guid: 1dd6e3e15a6844560a87ed71197a140e, type: 3}
  m_SourcePrefab: {fileID: 100100000, guid: 1dd6e3e15a6844560a87ed71197a140e, type: 3}
--- !u!4 &8794385255565636150 stripped
Transform:
  m_CorrespondingSourceObject: {fileID: 1923718691513070445, guid: 1dd6e3e15a6844560a87ed71197a140e,
    type: 3}
  m_PrefabInstance: {fileID: 6969748402628608347}
  m_PrefabAsset: {fileID: 0}
--- !u!23 &8794385255565636145 stripped
MeshRenderer:
  m_CorrespondingSourceObject: {fileID: 1923718691513070442, guid: 1dd6e3e15a6844560a87ed71197a140e,
    type: 3}
  m_PrefabInstance: {fileID: 6969748402628608347}
  m_PrefabAsset: {fileID: 0}
