%YAML 1.1
%TAG !u! tag:unity3d.com,2011:
--- !u!1 &1762916301555346407
GameObject:
  m_ObjectHideFlags: 0
  m_CorrespondingSourceObject: {fileID: 0}
  m_PrefabInstance: {fileID: 0}
  m_PrefabAsset: {fileID: 0}
  serializedVersion: 6
  m_Component:
  - component: {fileID: 3462779062773917089}
  - component: {fileID: 2702900065751632526}
  - component: {fileID: 5247941628250073613}
  m_Layer: 0
  m_Name: Description
  m_TagString: Untagged
  m_Icon: {fileID: 0}
  m_NavMeshLayer: 0
  m_StaticEditorFlags: 0
  m_IsActive: 1
--- !u!224 &3462779062773917089
RectTransform:
  m_ObjectHideFlags: 0
  m_CorrespondingSourceObject: {fileID: 0}
  m_PrefabInstance: {fileID: 0}
  m_PrefabAsset: {fileID: 0}
  m_GameObject: {fileID: 1762916301555346407}
  m_LocalRotation: {x: 0, y: 0, z: 0, w: 1}
  m_LocalPosition: {x: 0, y: 0, z: -0.01}
  m_LocalScale: {x: 1, y: 1, z: 1}
  m_Children: []
  m_Father: {fileID: 118749532319031067}
  m_RootOrder: 2
  m_LocalEulerAnglesHint: {x: 0, y: 0, z: 0}
  m_AnchorMin: {x: 0.5, y: 0.5}
  m_AnchorMax: {x: 0.5, y: 0.5}
  m_AnchoredPosition: {x: 0, y: -0.207}
  m_SizeDelta: {x: 1, y: 1}
  m_Pivot: {x: 0.5, y: 0.5}
--- !u!222 &2702900065751632526
CanvasRenderer:
  m_ObjectHideFlags: 0
  m_CorrespondingSourceObject: {fileID: 0}
  m_PrefabInstance: {fileID: 0}
  m_PrefabAsset: {fileID: 0}
  m_GameObject: {fileID: 1762916301555346407}
  m_CullTransparentMesh: 0
--- !u!114 &5247941628250073613
MonoBehaviour:
  m_ObjectHideFlags: 0
  m_CorrespondingSourceObject: {fileID: 0}
  m_PrefabInstance: {fileID: 0}
  m_PrefabAsset: {fileID: 0}
  m_GameObject: {fileID: 1762916301555346407}
  m_Enabled: 1
  m_EditorHideFlags: 0
  m_Script: {fileID: 11500000, guid: f4688fdb7df04437aeb418b961361dc5, type: 3}
  m_Name: 
  m_EditorClassIdentifier: 
  m_Material: {fileID: 0}
  m_Color: {r: 1, g: 1, b: 1, a: 1}
  m_RaycastTarget: 1
  m_Maskable: 1
  m_OnCullStateChanged:
    m_PersistentCalls:
      m_Calls: []
  m_text: No statement available.
  m_isRightToLeft: 0
  m_fontAsset: {fileID: 11400000, guid: 8f586378b4e144a9851e7b34d9b748ee, type: 2}
  m_sharedMaterial: {fileID: 2180264, guid: 8f586378b4e144a9851e7b34d9b748ee, type: 2}
  m_fontSharedMaterials: []
  m_fontMaterial: {fileID: 0}
  m_fontMaterials: []
  m_fontColor32:
    serializedVersion: 2
    rgba: 4278190080
  m_fontColor: {r: 0, g: 0, b: 0, a: 1}
  m_enableVertexGradient: 0
  m_colorMode: 3
  m_fontColorGradient:
    topLeft: {r: 1, g: 1, b: 1, a: 1}
    topRight: {r: 1, g: 1, b: 1, a: 1}
    bottomLeft: {r: 1, g: 1, b: 1, a: 1}
    bottomRight: {r: 1, g: 1, b: 1, a: 1}
  m_fontColorGradientPreset: {fileID: 0}
  m_spriteAsset: {fileID: 0}
  m_tintAllSprites: 0
  m_StyleSheet: {fileID: 0}
  m_TextStyleHashCode: -1183493901
  m_overrideHtmlColors: 0
  m_faceColor:
    serializedVersion: 2
    rgba: 4294967295
  m_fontSize: 0.05
  m_fontSizeBase: 0.05
  m_fontWeight: 400
  m_enableAutoSizing: 0
  m_fontSizeMin: 18
  m_fontSizeMax: 72
  m_fontStyle: 0
  m_HorizontalAlignment: 1
  m_VerticalAlignment: 256
  m_textAlignment: 65535
  m_characterSpacing: 0
  m_wordSpacing: 0
  m_lineSpacing: 0
  m_lineSpacingMax: 0
  m_paragraphSpacing: 0
  m_charWidthMaxAdj: 0
  m_enableWordWrapping: 1
  m_wordWrappingRatios: 0.4
  m_overflowMode: 0
  m_linkedTextComponent: {fileID: 0}
  parentLinkedComponent: {fileID: 0}
  m_enableKerning: 1
  m_enableExtraPadding: 0
  checkPaddingRequired: 0
  m_isRichText: 1
  m_parseCtrlCharacters: 1
  m_isOrthographic: 1
  m_isCullingEnabled: 0
  m_horizontalMapping: 0
  m_verticalMapping: 0
  m_uvLineOffset: 0
  m_geometrySortingOrder: 0
  m_IsTextObjectScaleStatic: 0
  m_VertexBufferAutoSizeReduction: 1
  m_useMaxVisibleDescender: 1
  m_pageToDisplay: 1
  m_margin: {x: 0.15364552, y: 0.16090757, z: 0.15198469, w: 0.4907282}
  m_isUsingLegacyAnimationComponent: 0
  m_isVolumetricText: 0
  m_hasFontAssetChanged: 0
  m_baseMaterial: {fileID: 0}
  m_maskOffset: {x: 0, y: 0, z: 0, w: 0}
--- !u!114 &2533114876679432775
MonoBehaviour:
  m_ObjectHideFlags: 0
  m_CorrespondingSourceObject: {fileID: 0}
  m_PrefabInstance: {fileID: 0}
  m_PrefabAsset: {fileID: 0}
  m_GameObject: {fileID: 3048644217321192438}
  m_Enabled: 1
  m_EditorHideFlags: 0
  m_Script: {fileID: 11500000, guid: d6877a2d17c508c4aa7c63726e09c83a, type: 3}
  m_Name: 
  m_EditorClassIdentifier: 
  targetPhoto: 0
  canvasRend: {fileID: 3906781541109374762}
  titleText: {fileID: 4236212167092037448}
  descriptionText: {fileID: 5247941628250073613}
  galleryLight: {fileID: 6344558692303018049}
--- !u!54 &1023186219003108426
Rigidbody:
  m_ObjectHideFlags: 0
  m_CorrespondingSourceObject: {fileID: 0}
  m_PrefabInstance: {fileID: 0}
  m_PrefabAsset: {fileID: 0}
  m_GameObject: {fileID: 1639843510170029504}
  serializedVersion: 2
  m_Mass: 20
  m_Drag: 0
  m_AngularDrag: 0.05
  m_UseGravity: 1
  m_IsKinematic: 1
  m_Interpolate: 0
  m_Constraints: 0
  m_CollisionDetection: 0
--- !u!114 &4791764939202847362
MonoBehaviour:
  m_ObjectHideFlags: 0
  m_CorrespondingSourceObject: {fileID: 0}
  m_PrefabInstance: {fileID: 0}
  m_PrefabAsset: {fileID: 0}
  m_GameObject: {fileID: 1639843510170029504}
  m_Enabled: 1
  m_EditorHideFlags: 0
  m_Script: {fileID: 11500000, guid: c50da199c78b13f45a9827f4ff3f8ffd, type: 3}
  m_Name: 
  m_EditorClassIdentifier: 
  lookCamera: {fileID: 8961372308982009523}
  lookDuration: 2
--- !u!1 &4080598935765959729
GameObject:
  m_ObjectHideFlags: 0
  m_CorrespondingSourceObject: {fileID: 0}
  m_PrefabInstance: {fileID: 0}
  m_PrefabAsset: {fileID: 0}
  serializedVersion: 6
  m_Component:
  - component: {fileID: 4030792509262951849}
  - component: {fileID: 7810531322346917418}
  - component: {fileID: 4236212167092037448}
  m_Layer: 0
  m_Name: Title
  m_TagString: Untagged
  m_Icon: {fileID: 0}
  m_NavMeshLayer: 0
  m_StaticEditorFlags: 0
  m_IsActive: 1
--- !u!224 &4030792509262951849
RectTransform:
  m_ObjectHideFlags: 0
  m_CorrespondingSourceObject: {fileID: 0}
  m_PrefabInstance: {fileID: 0}
  m_PrefabAsset: {fileID: 0}
  m_GameObject: {fileID: 4080598935765959729}
  m_LocalRotation: {x: 0, y: 0, z: 0, w: 1}
  m_LocalPosition: {x: 0, y: 0, z: -0.01}
  m_LocalScale: {x: 1, y: 1, z: 1}
  m_Children: []
  m_Father: {fileID: 118749532319031067}
  m_RootOrder: 0
  m_LocalEulerAnglesHint: {x: 0, y: 0, z: 0}
  m_AnchorMin: {x: 0.5, y: 0.5}
  m_AnchorMax: {x: 0.5, y: 0.5}
  m_AnchoredPosition: {x: 0, y: -0.236}
  m_SizeDelta: {x: 1, y: 1}
  m_Pivot: {x: 0.5, y: 0.5}
--- !u!222 &7810531322346917418
CanvasRenderer:
  m_ObjectHideFlags: 0
  m_CorrespondingSourceObject: {fileID: 0}
  m_PrefabInstance: {fileID: 0}
  m_PrefabAsset: {fileID: 0}
  m_GameObject: {fileID: 4080598935765959729}
  m_CullTransparentMesh: 0
--- !u!114 &4236212167092037448
MonoBehaviour:
  m_ObjectHideFlags: 0
  m_CorrespondingSourceObject: {fileID: 0}
  m_PrefabInstance: {fileID: 0}
  m_PrefabAsset: {fileID: 0}
  m_GameObject: {fileID: 4080598935765959729}
  m_Enabled: 1
  m_EditorHideFlags: 0
  m_Script: {fileID: 11500000, guid: f4688fdb7df04437aeb418b961361dc5, type: 3}
  m_Name: 
  m_EditorClassIdentifier: 
  m_Material: {fileID: 0}
  m_Color: {r: 1, g: 1, b: 1, a: 1}
  m_RaycastTarget: 1
  m_Maskable: 1
  m_OnCullStateChanged:
    m_PersistentCalls:
      m_Calls: []
  m_text: UNTITLED
  m_isRightToLeft: 0
  m_fontAsset: {fileID: 11400000, guid: 8f586378b4e144a9851e7b34d9b748ee, type: 2}
  m_sharedMaterial: {fileID: 2180264, guid: 8f586378b4e144a9851e7b34d9b748ee, type: 2}
  m_fontSharedMaterials: []
  m_fontMaterial: {fileID: 0}
  m_fontMaterials: []
  m_fontColor32:
    serializedVersion: 2
    rgba: 4278190080
  m_fontColor: {r: 0, g: 0, b: 0, a: 1}
  m_enableVertexGradient: 0
  m_colorMode: 3
  m_fontColorGradient:
    topLeft: {r: 1, g: 1, b: 1, a: 1}
    topRight: {r: 1, g: 1, b: 1, a: 1}
    bottomLeft: {r: 1, g: 1, b: 1, a: 1}
    bottomRight: {r: 1, g: 1, b: 1, a: 1}
  m_fontColorGradientPreset: {fileID: 0}
  m_spriteAsset: {fileID: 0}
  m_tintAllSprites: 0
  m_StyleSheet: {fileID: 0}
  m_TextStyleHashCode: -1183493901
  m_overrideHtmlColors: 0
  m_faceColor:
    serializedVersion: 2
    rgba: 4294967295
  m_fontSize: 0.04
  m_fontSizeBase: 0.04
  m_fontWeight: 400
  m_enableAutoSizing: 0
  m_fontSizeMin: 18
  m_fontSizeMax: 18
  m_fontStyle: 1
  m_HorizontalAlignment: 1
  m_VerticalAlignment: 512
  m_textAlignment: 65535
  m_characterSpacing: 0
  m_wordSpacing: 0
  m_lineSpacing: 0
  m_lineSpacingMax: 0
  m_paragraphSpacing: 0
  m_charWidthMaxAdj: 0
  m_enableWordWrapping: 1
  m_wordWrappingRatios: 0.4
  m_overflowMode: 0
  m_linkedTextComponent: {fileID: 0}
  parentLinkedComponent: {fileID: 0}
  m_enableKerning: 1
  m_enableExtraPadding: 0
  checkPaddingRequired: 0
  m_isRichText: 1
  m_parseCtrlCharacters: 1
  m_isOrthographic: 1
  m_isCullingEnabled: 0
  m_horizontalMapping: 0
  m_verticalMapping: 0
  m_uvLineOffset: 0
  m_geometrySortingOrder: 0
  m_IsTextObjectScaleStatic: 0
  m_VertexBufferAutoSizeReduction: 1
  m_useMaxVisibleDescender: 1
  m_pageToDisplay: 1
  m_margin: {x: 0.15364552, y: 0.025454268, z: 0.15198469, w: 0.90470266}
  m_isUsingLegacyAnimationComponent: 0
  m_isVolumetricText: 0
  m_hasFontAssetChanged: 0
  m_baseMaterial: {fileID: 0}
  m_maskOffset: {x: 0, y: 0, z: 0, w: 0}
--- !u!1 &5199830215487545697
GameObject:
  m_ObjectHideFlags: 0
  m_CorrespondingSourceObject: {fileID: 0}
  m_PrefabInstance: {fileID: 0}
  m_PrefabAsset: {fileID: 0}
  serializedVersion: 6
  m_Component:
  - component: {fileID: 1741173957445993555}
  - component: {fileID: 4433583659338129249}
  - component: {fileID: 5696589578211264484}
  - component: {fileID: 2882174820782829939}
  m_Layer: 12
  m_Name: Canvas Optimizer
  m_TagString: Untagged
  m_Icon: {fileID: 0}
  m_NavMeshLayer: 0
  m_StaticEditorFlags: 0
  m_IsActive: 1
--- !u!4 &1741173957445993555
Transform:
  m_ObjectHideFlags: 0
  m_CorrespondingSourceObject: {fileID: 0}
  m_PrefabInstance: {fileID: 0}
  m_PrefabAsset: {fileID: 0}
  m_GameObject: {fileID: 5199830215487545697}
  m_LocalRotation: {x: -0, y: -0, z: -0, w: 1}
  m_LocalPosition: {x: 0, y: 0, z: 0}
  m_LocalScale: {x: 1, y: 1, z: 1}
  m_Children: []
  m_Father: {fileID: 3048644217321192329}
  m_RootOrder: 5
  m_LocalEulerAnglesHint: {x: 0, y: 0, z: 0}
--- !u!114 &4433583659338129249
MonoBehaviour:
  m_ObjectHideFlags: 0
  m_CorrespondingSourceObject: {fileID: 0}
  m_PrefabInstance: {fileID: 0}
  m_PrefabAsset: {fileID: 0}
  m_GameObject: {fileID: 5199830215487545697}
  m_Enabled: 1
  m_EditorHideFlags: 0
  m_Script: {fileID: 11500000, guid: 325eae5e1580742aba515d9fa77fa94b, type: 3}
  m_Name: 
  m_EditorClassIdentifier: 
  onEnable:
    m_PersistentCalls:
      m_Calls:
      - m_Target: {fileID: 7368380916427848201}
        m_MethodName: SetActive
        m_Mode: 6
        m_Arguments:
          m_ObjectArgument: {fileID: 0}
          m_ObjectArgumentAssemblyTypeName: UnityEngine.Object, UnityEngine
          m_IntArgument: 0
          m_FloatArgument: 0
          m_StringArgument: 
          m_BoolArgument: 0
        m_CallState: 2
--- !u!135 &5696589578211264484
SphereCollider:
  m_ObjectHideFlags: 0
  m_CorrespondingSourceObject: {fileID: 0}
  m_PrefabInstance: {fileID: 0}
  m_PrefabAsset: {fileID: 0}
  m_GameObject: {fileID: 5199830215487545697}
  m_Material: {fileID: 0}
  m_IsTrigger: 1
  m_Enabled: 1
  serializedVersion: 2
  m_Radius: 10
  m_Center: {x: 0, y: 0, z: 0}
--- !u!114 &2882174820782829939
MonoBehaviour:
  m_ObjectHideFlags: 0
  m_CorrespondingSourceObject: {fileID: 0}
  m_PrefabInstance: {fileID: 0}
  m_PrefabAsset: {fileID: 0}
  m_GameObject: {fileID: 5199830215487545697}
  m_Enabled: 1
  m_EditorHideFlags: 0
  m_Script: {fileID: 11500000, guid: fb47a08fd7fd32b4db33ae6f9c38156b, type: 3}
  m_Name: 
  m_EditorClassIdentifier: 
  allowedTags:
  - Player
  onEnter:
    m_PersistentCalls:
      m_Calls:
      - m_Target: {fileID: 7368380916427848201}
        m_MethodName: SetActive
        m_Mode: 6
        m_Arguments:
          m_ObjectArgument: {fileID: 0}
          m_ObjectArgumentAssemblyTypeName: UnityEngine.Object, UnityEngine
          m_IntArgument: 0
          m_FloatArgument: 0
          m_StringArgument: 
          m_BoolArgument: 1
        m_CallState: 2
  onStay:
    m_PersistentCalls:
      m_Calls: []
  onExit:
    m_PersistentCalls:
      m_Calls:
      - m_Target: {fileID: 5199830215487545697}
        m_MethodName: SetActive
        m_Mode: 6
        m_Arguments:
          m_ObjectArgument: {fileID: 0}
          m_ObjectArgumentAssemblyTypeName: UnityEngine.Object, UnityEngine
          m_IntArgument: 0
          m_FloatArgument: 0
          m_StringArgument: Off
          m_BoolArgument: 0
        m_CallState: 2
  repeatDelay: 0
--- !u!1 &5530412959985800042
GameObject:
  m_ObjectHideFlags: 0
  m_CorrespondingSourceObject: {fileID: 0}
  m_PrefabInstance: {fileID: 0}
  m_PrefabAsset: {fileID: 0}
  serializedVersion: 6
  m_Component:
  - component: {fileID: 5723826013466504428}
  - component: {fileID: 5983441179839040965}
  - component: {fileID: 2158316715174696448}
  m_Layer: 0
  m_Name: :Line
  m_TagString: Untagged
  m_Icon: {fileID: 0}
  m_NavMeshLayer: 0
  m_StaticEditorFlags: 0
  m_IsActive: 1
--- !u!224 &5723826013466504428
RectTransform:
  m_ObjectHideFlags: 0
  m_CorrespondingSourceObject: {fileID: 0}
  m_PrefabInstance: {fileID: 0}
  m_PrefabAsset: {fileID: 0}
  m_GameObject: {fileID: 5530412959985800042}
  m_LocalRotation: {x: 0, y: 0, z: 0, w: 1}
  m_LocalPosition: {x: 0, y: 0, z: -0.01}
  m_LocalScale: {x: 1, y: 1, z: 1}
  m_Children: []
  m_Father: {fileID: 118749532319031067}
  m_RootOrder: 1
  m_LocalEulerAnglesHint: {x: 0, y: 0, z: 0}
  m_AnchorMin: {x: 0.5, y: 0.5}
  m_AnchorMax: {x: 0.5, y: 0.5}
  m_AnchoredPosition: {x: 0, y: 0.161}
  m_SizeDelta: {x: 0.7, y: 0.005}
  m_Pivot: {x: 0.5, y: 0.5}
--- !u!222 &5983441179839040965
CanvasRenderer:
  m_ObjectHideFlags: 0
  m_CorrespondingSourceObject: {fileID: 0}
  m_PrefabInstance: {fileID: 0}
  m_PrefabAsset: {fileID: 0}
  m_GameObject: {fileID: 5530412959985800042}
  m_CullTransparentMesh: 0
--- !u!114 &2158316715174696448
MonoBehaviour:
  m_ObjectHideFlags: 0
  m_CorrespondingSourceObject: {fileID: 0}
  m_PrefabInstance: {fileID: 0}
  m_PrefabAsset: {fileID: 0}
  m_GameObject: {fileID: 5530412959985800042}
  m_Enabled: 1
  m_EditorHideFlags: 0
  m_Script: {fileID: 11500000, guid: fe87c0e1cc204ed48ad3b37840f39efc, type: 3}
  m_Name: 
  m_EditorClassIdentifier: 
  m_Material: {fileID: 0}
  m_Color: {r: 0, g: 0, b: 0, a: 1}
  m_RaycastTarget: 1
  m_Maskable: 1
  m_OnCullStateChanged:
    m_PersistentCalls:
      m_Calls: []
  m_Sprite: {fileID: 0}
  m_Type: 0
  m_PreserveAspect: 0
  m_FillCenter: 1
  m_FillMethod: 4
  m_FillAmount: 1
  m_FillClockwise: 1
  m_FillOrigin: 0
  m_UseSpriteMesh: 0
  m_PixelsPerUnitMultiplier: 1
--- !u!1 &6248663404564566640
GameObject:
  m_ObjectHideFlags: 0
  m_CorrespondingSourceObject: {fileID: 0}
  m_PrefabInstance: {fileID: 0}
  m_PrefabAsset: {fileID: 0}
  serializedVersion: 6
  m_Component:
  - component: {fileID: 118749532319031067}
  - component: {fileID: 6985150766444375456}
  - component: {fileID: 6227693021445791327}
  - component: {fileID: 5190761617811154300}
  m_Layer: 0
  m_Name: Canvas
  m_TagString: Untagged
  m_Icon: {fileID: 0}
  m_NavMeshLayer: 0
  m_StaticEditorFlags: 0
  m_IsActive: 1
--- !u!224 &118749532319031067
RectTransform:
  m_ObjectHideFlags: 0
  m_CorrespondingSourceObject: {fileID: 0}
  m_PrefabInstance: {fileID: 0}
  m_PrefabAsset: {fileID: 0}
  m_GameObject: {fileID: 6248663404564566640}
  m_LocalRotation: {x: 0.7071068, y: -0, z: -0, w: 0.7071068}
  m_LocalPosition: {x: 0, y: 0, z: 0.754}
  m_LocalScale: {x: 1, y: 1.0000002, z: 1.0000002}
  m_Children:
  - {fileID: 4030792509262951849}
  - {fileID: 5723826013466504428}
  - {fileID: 3462779062773917089}
  m_Father: {fileID: 5793856345753971375}
  m_RootOrder: 0
  m_LocalEulerAnglesHint: {x: 0, y: 0, z: 0}
  m_AnchorMin: {x: 0, y: 0}
  m_AnchorMax: {x: 0, y: 0}
  m_AnchoredPosition: {x: 0.381, y: -0}
  m_SizeDelta: {x: 0.7, y: 0.5}
  m_Pivot: {x: 0.5, y: 0.5}
--- !u!223 &6985150766444375456
Canvas:
  m_ObjectHideFlags: 0
  m_CorrespondingSourceObject: {fileID: 0}
  m_PrefabInstance: {fileID: 0}
  m_PrefabAsset: {fileID: 0}
  m_GameObject: {fileID: 6248663404564566640}
  m_Enabled: 1
  serializedVersion: 3
  m_RenderMode: 2
  m_Camera: {fileID: 0}
  m_PlaneDistance: 100
  m_PixelPerfect: 0
  m_ReceivesEvents: 1
  m_OverrideSorting: 0
  m_OverridePixelPerfect: 0
  m_SortingBucketNormalizedSize: 0
  m_AdditionalShaderChannelsFlag: 25
  m_SortingLayerID: 0
  m_SortingOrder: 0
  m_TargetDisplay: 0
--- !u!114 &6227693021445791327
MonoBehaviour:
  m_ObjectHideFlags: 0
  m_CorrespondingSourceObject: {fileID: 0}
  m_PrefabInstance: {fileID: 0}
  m_PrefabAsset: {fileID: 0}
  m_GameObject: {fileID: 6248663404564566640}
  m_Enabled: 1
  m_EditorHideFlags: 0
  m_Script: {fileID: 11500000, guid: 0cd44c1031e13a943bb63640046fad76, type: 3}
  m_Name: 
  m_EditorClassIdentifier: 
  m_UiScaleMode: 0
  m_ReferencePixelsPerUnit: 100
  m_ScaleFactor: 1
  m_ReferenceResolution: {x: 800, y: 600}
  m_ScreenMatchMode: 0
  m_MatchWidthOrHeight: 0
  m_PhysicalUnit: 3
  m_FallbackScreenDPI: 96
  m_DefaultSpriteDPI: 96
  m_DynamicPixelsPerUnit: 1
--- !u!114 &5190761617811154300
MonoBehaviour:
  m_ObjectHideFlags: 0
  m_CorrespondingSourceObject: {fileID: 0}
  m_PrefabInstance: {fileID: 0}
  m_PrefabAsset: {fileID: 0}
  m_GameObject: {fileID: 6248663404564566640}
  m_Enabled: 1
  m_EditorHideFlags: 0
  m_Script: {fileID: 11500000, guid: dc42784cf147c0c48a680349fa168899, type: 3}
  m_Name: 
  m_EditorClassIdentifier: 
  m_IgnoreReversedGraphics: 1
  m_BlockingObjects: 0
  m_BlockingMask:
    serializedVersion: 2
    m_Bits: 4294967295
--- !u!1 &7368380916427848201
GameObject:
  m_ObjectHideFlags: 0
  m_CorrespondingSourceObject: {fileID: 0}
  m_PrefabInstance: {fileID: 0}
  m_PrefabAsset: {fileID: 0}
  serializedVersion: 6
  m_Component:
  - component: {fileID: 5793856345753971375}
  - component: {fileID: 6025763828495534734}
  - component: {fileID: 6780784733879971124}
  - component: {fileID: 4395041253553239056}
  - component: {fileID: 8994095009285428321}
  m_Layer: 0
  m_Name: Name Plate
  m_TagString: Untagged
  m_Icon: {fileID: 0}
  m_NavMeshLayer: 0
  m_StaticEditorFlags: 0
  m_IsActive: 1
--- !u!4 &5793856345753971375
Transform:
  m_ObjectHideFlags: 0
  m_CorrespondingSourceObject: {fileID: 0}
  m_PrefabInstance: {fileID: 0}
  m_PrefabAsset: {fileID: 0}
  m_GameObject: {fileID: 7368380916427848201}
  m_LocalRotation: {x: -0.7071068, y: -0, z: -0, w: 0.7071068}
  m_LocalPosition: {x: 1.566, y: -1.107, z: 0.099}
  m_LocalScale: {x: 0.6666667, y: 0.666667, z: 0.666667}
  m_Children:
  - {fileID: 118749532319031067}
  m_Father: {fileID: 3048644217321192329}
  m_RootOrder: 3
  m_LocalEulerAnglesHint: {x: -90, y: 0, z: 0}
--- !u!33 &6025763828495534734
MeshFilter:
  m_ObjectHideFlags: 0
  m_CorrespondingSourceObject: {fileID: 0}
  m_PrefabInstance: {fileID: 0}
  m_PrefabAsset: {fileID: 0}
  m_GameObject: {fileID: 7368380916427848201}
  m_Mesh: {fileID: 0}
--- !u!23 &6780784733879971124
MeshRenderer:
  m_ObjectHideFlags: 0
  m_CorrespondingSourceObject: {fileID: 0}
  m_PrefabInstance: {fileID: 0}
  m_PrefabAsset: {fileID: 0}
  m_GameObject: {fileID: 7368380916427848201}
  m_Enabled: 1
  m_CastShadows: 1
  m_ReceiveShadows: 1
  m_DynamicOccludee: 1
  m_MotionVectors: 1
  m_LightProbeUsage: 1
  m_ReflectionProbeUsage: 1
  m_RayTracingMode: 2
  m_RenderingLayerMask: 1
  m_RendererPriority: 0
  m_Materials:
  - {fileID: 2100000, guid: a827a55e5eec444fdb4e591e45be6495, type: 2}
  m_StaticBatchInfo:
    firstSubMesh: 0
    subMeshCount: 0
  m_StaticBatchRoot: {fileID: 0}
  m_ProbeAnchor: {fileID: 0}
  m_LightProbeVolumeOverride: {fileID: 0}
  m_ScaleInLightmap: 1
  m_ReceiveGI: 1
  m_PreserveUVs: 0
  m_IgnoreNormalsForChartDetection: 0
  m_ImportantGI: 0
  m_StitchLightmapSeams: 0
  m_SelectedEditorRenderState: 2
  m_MinimumChartSize: 4
  m_AutoUVMaxDistance: 0.5
  m_AutoUVMaxAngle: 89
  m_LightmapParameters: {fileID: 0}
  m_SortingLayerID: 0
  m_SortingLayer: 0
  m_SortingOrder: 0
--- !u!114 &4395041253553239056
MonoBehaviour:
  m_ObjectHideFlags: 0
  m_CorrespondingSourceObject: {fileID: 0}
  m_PrefabInstance: {fileID: 0}
  m_PrefabAsset: {fileID: 0}
  m_GameObject: {fileID: 7368380916427848201}
  m_Enabled: 1
  m_EditorHideFlags: 0
  m_Script: {fileID: 11500000, guid: 8233d90336aea43098adf6dbabd606a2, type: 3}
  m_Name: 
  m_EditorClassIdentifier: 
  m_MeshFormatVersion: 1
  m_Faces:
  - m_Indexes: 000000000100000002000000010000000300000002000000
    m_SmoothingGroup: 0
    m_Uv:
      m_UseWorldSpace: 0
      m_FlipU: 0
      m_FlipV: 0
      m_SwapUV: 0
      m_Fill: 1
      m_Scale: {x: 1, y: 1}
      m_Offset: {x: 0, y: 0}
      m_Rotation: 0
      m_Anchor: 9
    m_Material: {fileID: 2100000, guid: c22777d6e868e4f2fb421913386b154e, type: 2}
    m_SubmeshIndex: 0
    m_ManualUV: 0
    elementGroup: 0
    m_TextureGroup: -1
  - m_Indexes: 040000000500000006000000050000000700000006000000
    m_SmoothingGroup: 0
    m_Uv:
      m_UseWorldSpace: 0
      m_FlipU: 0
      m_FlipV: 0
      m_SwapUV: 0
      m_Fill: 1
      m_Scale: {x: 1, y: 1}
      m_Offset: {x: 0, y: 0}
      m_Rotation: 0
      m_Anchor: 9
    m_Material: {fileID: 2100000, guid: c22777d6e868e4f2fb421913386b154e, type: 2}
    m_SubmeshIndex: 0
    m_ManualUV: 0
    elementGroup: 0
    m_TextureGroup: -1
  - m_Indexes: 08000000090000000a000000090000000b0000000a000000
    m_SmoothingGroup: 0
    m_Uv:
      m_UseWorldSpace: 0
      m_FlipU: 0
      m_FlipV: 0
      m_SwapUV: 0
      m_Fill: 1
      m_Scale: {x: 1, y: 1}
      m_Offset: {x: 0, y: 0}
      m_Rotation: 0
      m_Anchor: 9
    m_Material: {fileID: 2100000, guid: c22777d6e868e4f2fb421913386b154e, type: 2}
    m_SubmeshIndex: 0
    m_ManualUV: 0
    elementGroup: 0
    m_TextureGroup: -1
  - m_Indexes: 0c0000000d0000000e0000000d0000000f0000000e000000
    m_SmoothingGroup: 0
    m_Uv:
      m_UseWorldSpace: 0
      m_FlipU: 0
      m_FlipV: 0
      m_SwapUV: 0
      m_Fill: 1
      m_Scale: {x: 1, y: 1}
      m_Offset: {x: 0, y: 0}
      m_Rotation: 0
      m_Anchor: 9
    m_Material: {fileID: 2100000, guid: c22777d6e868e4f2fb421913386b154e, type: 2}
    m_SubmeshIndex: 0
    m_ManualUV: 0
    elementGroup: 0
    m_TextureGroup: -1
  - m_Indexes: 100000001100000012000000110000001300000012000000
    m_SmoothingGroup: 0
    m_Uv:
      m_UseWorldSpace: 0
      m_FlipU: 0
      m_FlipV: 0
      m_SwapUV: 0
      m_Fill: 1
      m_Scale: {x: 1, y: 1}
      m_Offset: {x: 0, y: 0}
      m_Rotation: 0
      m_Anchor: 9
    m_Material: {fileID: 2100000, guid: c22777d6e868e4f2fb421913386b154e, type: 2}
    m_SubmeshIndex: 0
    m_ManualUV: 0
    elementGroup: 0
    m_TextureGroup: -1
  - m_Indexes: 140000001500000016000000150000001700000016000000
    m_SmoothingGroup: 0
    m_Uv:
      m_UseWorldSpace: 0
      m_FlipU: 0
      m_FlipV: 0
      m_SwapUV: 0
      m_Fill: 1
      m_Scale: {x: 1, y: 1}
      m_Offset: {x: 0, y: 0}
      m_Rotation: 0
      m_Anchor: 9
    m_Material: {fileID: 2100000, guid: c22777d6e868e4f2fb421913386b154e, type: 2}
    m_SubmeshIndex: 0
    m_ManualUV: 0
    elementGroup: 0
    m_TextureGroup: -1
  m_SharedVertices:
  - m_Vertices: 00000000
  - m_Vertices: 0200000008000000
  - m_Vertices: 0100000004000000
  - m_Vertices: 0300000006000000090000000c000000
  - m_Vertices: 05000000
  - m_Vertices: 070000000d000000
  - m_Vertices: 0a00000010000000
  - m_Vertices: 0b0000000e0000001100000014000000
  - m_Vertices: 0f00000015000000
  - m_Vertices: 12000000
  - m_Vertices: 1300000016000000
  - m_Vertices: 17000000
  m_SharedTextures: []
  m_Positions:
  - {x: 0, y: 0, z: 0.5}
  - {x: 0, y: 0, z: 0.75}
  - {x: 0.25, y: 0, z: 0.5}
  - {x: 0.25, y: 0, z: 0.75}
  - {x: 0, y: 0, z: 0.75}
  - {x: 0, y: 0, z: 1}
  - {x: 0.25, y: 0, z: 0.75}
  - {x: 0.25, y: 0, z: 1}
  - {x: 0.25, y: 0, z: 0.5}
  - {x: 0.25, y: 0, z: 0.75}
  - {x: 0.5, y: 0, z: 0.5}
  - {x: 0.5, y: 0, z: 0.75}
  - {x: 0.25, y: 0, z: 0.75}
  - {x: 0.25, y: 0, z: 1}
  - {x: 0.5, y: 0, z: 0.75}
  - {x: 0.5, y: 0, z: 1}
  - {x: 0.5, y: 0, z: 0.5}
  - {x: 0.5, y: 0, z: 0.75}
  - {x: 0.75, y: 0, z: 0.5}
  - {x: 0.75, y: 0, z: 0.75}
  - {x: 0.5, y: 0, z: 0.75}
  - {x: 0.5, y: 0, z: 1}
  - {x: 0.75, y: 0, z: 0.75}
  - {x: 0.75, y: 0, z: 1}
  m_Textures0:
  - {x: 0, y: 0.5}
  - {x: 0, y: 0.75}
  - {x: 0.25, y: 0.5}
  - {x: 0.25, y: 0.75}
  - {x: 0, y: 0.75}
  - {x: 0, y: 1}
  - {x: 0.25, y: 0.75}
  - {x: 0.25, y: 1}
  - {x: 0.25, y: 0.5}
  - {x: 0.25, y: 0.75}
  - {x: 0.5, y: 0.5}
  - {x: 0.5, y: 0.75}
  - {x: 0.25, y: 0.75}
  - {x: 0.25, y: 1}
  - {x: 0.5, y: 0.75}
  - {x: 0.5, y: 1}
  - {x: 0.5, y: 0.5}
  - {x: 0.5, y: 0.75}
  - {x: 0.75, y: 0.5}
  - {x: 0.75, y: 0.75}
  - {x: 0.5, y: 0.75}
  - {x: 0.5, y: 1}
  - {x: 0.75, y: 0.75}
  - {x: 0.75, y: 1}
  m_Textures2: []
  m_Textures3: []
  m_Tangents:
  - {x: 1, y: 0, z: 0, w: -1}
  - {x: 1, y: 0, z: 0, w: -1}
  - {x: 1, y: 0, z: 0, w: -1}
  - {x: 1, y: 0, z: 0, w: -1}
  - {x: 1, y: 0, z: 0, w: -1}
  - {x: 1, y: 0, z: 0, w: -1}
  - {x: 1, y: 0, z: 0, w: -1}
  - {x: 1, y: 0, z: 0, w: -1}
  - {x: 1, y: 0, z: 0, w: -1}
  - {x: 1, y: 0, z: 0, w: -1}
  - {x: 1, y: 0, z: 0, w: -1}
  - {x: 1, y: 0, z: 0, w: -1}
  - {x: 1, y: 0, z: 0, w: -1}
  - {x: 1, y: 0, z: 0, w: -1}
  - {x: 1, y: 0, z: 0, w: -1}
  - {x: 1, y: 0, z: 0, w: -1}
  - {x: 1, y: 0, z: 0, w: -1}
  - {x: 1, y: 0, z: 0, w: -1}
  - {x: 1, y: 0, z: 0, w: -1}
  - {x: 1, y: 0, z: 0, w: -1}
  - {x: 1, y: 0, z: 0, w: -1}
  - {x: 1, y: 0, z: 0, w: -1}
  - {x: 1, y: 0, z: 0, w: -1}
  - {x: 1, y: 0, z: 0, w: -1}
  m_Colors: []
  m_UnwrapParameters:
    m_HardAngle: 88
    m_PackMargin: 20
    m_AngleError: 8
    m_AreaError: 15
  m_PreserveMeshAssetOnDestroy: 0
  assetGuid: 
  m_Mesh: {fileID: 0}
  m_IsSelectable: 1
  m_SelectedFaces: 
  m_SelectedEdges: []
  m_SelectedVertices: 
--- !u!64 &8994095009285428321
MeshCollider:
  m_ObjectHideFlags: 0
  m_CorrespondingSourceObject: {fileID: 0}
  m_PrefabInstance: {fileID: 0}
  m_PrefabAsset: {fileID: 0}
  m_GameObject: {fileID: 7368380916427848201}
  m_Material: {fileID: 0}
  m_IsTrigger: 0
  m_Enabled: 1
  serializedVersion: 4
  m_Convex: 0
  m_CookingOptions: 30
  m_Mesh: {fileID: 0}
--- !u!1 &7534683018242310308
GameObject:
  m_ObjectHideFlags: 0
  m_CorrespondingSourceObject: {fileID: 0}
  m_PrefabInstance: {fileID: 0}
  m_PrefabAsset: {fileID: 0}
  serializedVersion: 6
  m_Component:
  - component: {fileID: 3271228457104879746}
  - component: {fileID: 6344558692303018049}
  m_Layer: 17
  m_Name: Spot Light
  m_TagString: Untagged
  m_Icon: {fileID: 0}
  m_NavMeshLayer: 0
  m_StaticEditorFlags: 0
  m_IsActive: 1
--- !u!4 &3271228457104879746
Transform:
  m_ObjectHideFlags: 0
  m_CorrespondingSourceObject: {fileID: 0}
  m_PrefabInstance: {fileID: 0}
  m_PrefabAsset: {fileID: 0}
  m_GameObject: {fileID: 7534683018242310308}
  m_LocalRotation: {x: 0, y: 0, z: 0, w: 1}
  m_LocalPosition: {x: 0, y: 0.2, z: -0.611}
  m_LocalScale: {x: 1, y: 1, z: 1}
  m_Children: []
  m_Father: {fileID: 3048644217321192329}
  m_RootOrder: 4
  m_LocalEulerAnglesHint: {x: 0, y: 0, z: 0}
--- !u!108 &6344558692303018049
Light:
  m_ObjectHideFlags: 0
  m_CorrespondingSourceObject: {fileID: 0}
  m_PrefabInstance: {fileID: 0}
  m_PrefabAsset: {fileID: 0}
  m_GameObject: {fileID: 7534683018242310308}
  m_Enabled: 0
  serializedVersion: 10
  m_Type: 0
  m_Shape: 0
  m_Color: {r: 1, g: 1, b: 1, a: 1}
  m_Intensity: 0.75
  m_Range: 10
  m_SpotAngle: 179
  m_InnerSpotAngle: 178.60872
  m_CookieSize: 10
  m_Shadows:
    m_Type: 0
    m_Resolution: -1
    m_CustomResolution: -1
    m_Strength: 1
    m_Bias: 0.05
    m_NormalBias: 0.4
    m_NearPlane: 0.2
    m_CullingMatrixOverride:
      e00: 1
      e01: 0
      e02: 0
      e03: 0
      e10: 0
      e11: 1
      e12: 0
      e13: 0
      e20: 0
      e21: 0
      e22: 1
      e23: 0
      e30: 0
      e31: 0
      e32: 0
      e33: 1
    m_UseCullingMatrixOverride: 0
  m_Cookie: {fileID: 0}
  m_DrawHalo: 0
  m_Flare: {fileID: 0}
  m_RenderMode: 0
  m_CullingMask:
    serializedVersion: 2
    m_Bits: 131072
  m_RenderingLayerMask: 1
  m_Lightmapping: 4
  m_LightShadowCasterMode: 0
  m_AreaSize: {x: 1, y: 1}
  m_BounceIntensity: 1
  m_ColorTemperature: 6570
  m_UseColorTemperature: 0
  m_BoundingSphereOverride: {x: 0, y: 0, z: 0, w: 0}
  m_UseBoundingSphereOverride: 0
  m_ShadowRadius: 0
  m_ShadowAngle: 0
--- !u!1 &8961372308982009524
GameObject:
  m_ObjectHideFlags: 0
  m_CorrespondingSourceObject: {fileID: 0}
  m_PrefabInstance: {fileID: 0}
  m_PrefabAsset: {fileID: 0}
  serializedVersion: 6
  m_Component:
  - component: {fileID: 8961372308982009522}
  - component: {fileID: 8961372308982009523}
  m_Layer: 12
  m_Name: InstantCutCamera
  m_TagString: Untagged
  m_Icon: {fileID: 0}
  m_NavMeshLayer: 0
  m_StaticEditorFlags: 0
  m_IsActive: 1
--- !u!4 &8961372308982009522
Transform:
  m_ObjectHideFlags: 0
  m_CorrespondingSourceObject: {fileID: 0}
  m_PrefabInstance: {fileID: 0}
  m_PrefabAsset: {fileID: 0}
  m_GameObject: {fileID: 8961372308982009524}
  m_LocalRotation: {x: -0, y: -0, z: -0, w: 1}
  m_LocalPosition: {x: 0.25, y: 0.2, z: -2.8}
  m_LocalScale: {x: 1, y: 1, z: 1}
  m_Children:
  - {fileID: 8961372309463301030}
  m_Father: {fileID: 3048644217321192329}
  m_RootOrder: 2
  m_LocalEulerAnglesHint: {x: 0, y: 0, z: 0}
--- !u!114 &8961372308982009523
MonoBehaviour:
  m_ObjectHideFlags: 0
  m_CorrespondingSourceObject: {fileID: 0}
  m_PrefabInstance: {fileID: 0}
  m_PrefabAsset: {fileID: 0}
  m_GameObject: {fileID: 8961372308982009524}
  m_Enabled: 0
  m_EditorHideFlags: 0
  m_Script: {fileID: 11500000, guid: 45e653bab7fb20e499bda25e1b646fea, type: 3}
  m_Name: 
  m_EditorClassIdentifier: 
  m_ExcludedPropertiesInInspector:
  - m_Script
  m_LockStageInInspector: 
  m_StreamingVersion: 20170927
  m_Priority: 20
  m_StandbyUpdate: 2
  m_LookAt: {fileID: 0}
  m_Follow: {fileID: 0}
  m_Lens:
    FieldOfView: 40
    OrthographicSize: 10
    NearClipPlane: 0.1
    FarClipPlane: 5000
    Dutch: 0
    LensShift: {x: 0, y: 0}
  m_Transitions:
    m_BlendHint: 0
    m_InheritPosition: 0
    m_OnCameraLive:
      m_PersistentCalls:
        m_Calls: []
  m_LegacyBlendHint: 0
  m_ComponentOwner: {fileID: 8961372309463301030}
--- !u!1 &8961372309463301031
GameObject:
  m_ObjectHideFlags: 0
  m_CorrespondingSourceObject: {fileID: 0}
  m_PrefabInstance: {fileID: 0}
  m_PrefabAsset: {fileID: 0}
  serializedVersion: 6
  m_Component:
  - component: {fileID: 8961372309463301030}
  - component: {fileID: 8961372309463301029}
  m_Layer: 0
  m_Name: cm
  m_TagString: Untagged
  m_Icon: {fileID: 0}
  m_NavMeshLayer: 0
  m_StaticEditorFlags: 0
  m_IsActive: 1
--- !u!4 &8961372309463301030
Transform:
  m_ObjectHideFlags: 0
  m_CorrespondingSourceObject: {fileID: 0}
  m_PrefabInstance: {fileID: 0}
  m_PrefabAsset: {fileID: 0}
  m_GameObject: {fileID: 8961372309463301031}
  m_LocalRotation: {x: -0, y: -1, z: -0, w: 0}
  m_LocalPosition: {x: -19.26, y: -5.28, z: 26.68}
  m_LocalScale: {x: 1, y: 1, z: 1}
  m_Children: []
  m_Father: {fileID: 8961372308982009522}
  m_RootOrder: 0
  m_LocalEulerAnglesHint: {x: 0, y: 0, z: 0}
--- !u!114 &8961372309463301029
MonoBehaviour:
  m_ObjectHideFlags: 0
  m_CorrespondingSourceObject: {fileID: 0}
  m_PrefabInstance: {fileID: 0}
  m_PrefabAsset: {fileID: 0}
  m_GameObject: {fileID: 8961372309463301031}
  m_Enabled: 1
  m_EditorHideFlags: 0
  m_Script: {fileID: 11500000, guid: ac0b09e7857660247b1477e93731de29, type: 3}
  m_Name: 
  m_EditorClassIdentifier: 
--- !u!1001 &4047092928002765055
PrefabInstance:
  m_ObjectHideFlags: 0
  serializedVersion: 2
  m_Modification:
    m_TransformParent: {fileID: 0}
    m_Modifications:
    - target: {fileID: 1110552435540061221, guid: 3472dc379ed1d8f4591a5ff9d2a829f3,
        type: 3}
      propertyPath: m_SelectedEdges.Array.size
      value: 4
      objectReference: {fileID: 0}
    - target: {fileID: 1110552435540061221, guid: 3472dc379ed1d8f4591a5ff9d2a829f3,
        type: 3}
      propertyPath: m_SelectedFaces.Array.size
      value: 1
      objectReference: {fileID: 0}
    - target: {fileID: 1110552435540061221, guid: 3472dc379ed1d8f4591a5ff9d2a829f3,
        type: 3}
      propertyPath: m_Tangents.Array.data[60].x
      value: -0.0000000555765
      objectReference: {fileID: 0}
    - target: {fileID: 1110552435540061221, guid: 3472dc379ed1d8f4591a5ff9d2a829f3,
        type: 3}
      propertyPath: m_Tangents.Array.data[60].y
      value: 1
      objectReference: {fileID: 0}
    - target: {fileID: 1110552435540061221, guid: 3472dc379ed1d8f4591a5ff9d2a829f3,
        type: 3}
      propertyPath: m_Tangents.Array.data[61].x
      value: -0.00000006193842
      objectReference: {fileID: 0}
    - target: {fileID: 1110552435540061221, guid: 3472dc379ed1d8f4591a5ff9d2a829f3,
        type: 3}
      propertyPath: m_Tangents.Array.data[61].y
      value: 1
      objectReference: {fileID: 0}
    - target: {fileID: 1110552435540061221, guid: 3472dc379ed1d8f4591a5ff9d2a829f3,
        type: 3}
      propertyPath: m_Tangents.Array.data[62].x
      value: -0.00000006193842
      objectReference: {fileID: 0}
    - target: {fileID: 1110552435540061221, guid: 3472dc379ed1d8f4591a5ff9d2a829f3,
        type: 3}
      propertyPath: m_Tangents.Array.data[62].y
      value: 1
      objectReference: {fileID: 0}
    - target: {fileID: 1110552435540061221, guid: 3472dc379ed1d8f4591a5ff9d2a829f3,
        type: 3}
      propertyPath: m_Tangents.Array.data[63].x
      value: -0.00000006830035
      objectReference: {fileID: 0}
    - target: {fileID: 1110552435540061221, guid: 3472dc379ed1d8f4591a5ff9d2a829f3,
        type: 3}
      propertyPath: m_Tangents.Array.data[63].y
      value: 1
      objectReference: {fileID: 0}
    - target: {fileID: 1110552435540061221, guid: 3472dc379ed1d8f4591a5ff9d2a829f3,
        type: 3}
      propertyPath: m_Tangents.Array.data[68].x
      value: 0.0158375
      objectReference: {fileID: 0}
    - target: {fileID: 1110552435540061221, guid: 3472dc379ed1d8f4591a5ff9d2a829f3,
        type: 3}
      propertyPath: m_Tangents.Array.data[68].y
      value: 0.9998746
      objectReference: {fileID: 0}
    - target: {fileID: 1110552435540061221, guid: 3472dc379ed1d8f4591a5ff9d2a829f3,
        type: 3}
      propertyPath: m_Tangents.Array.data[68].z
      value: 0.00000005044126
      objectReference: {fileID: 0}
    - target: {fileID: 1110552435540061221, guid: 3472dc379ed1d8f4591a5ff9d2a829f3,
        type: 3}
      propertyPath: m_Tangents.Array.data[69].x
      value: 0.0158375
      objectReference: {fileID: 0}
    - target: {fileID: 1110552435540061221, guid: 3472dc379ed1d8f4591a5ff9d2a829f3,
        type: 3}
      propertyPath: m_Tangents.Array.data[69].y
      value: 0.9998746
      objectReference: {fileID: 0}
    - target: {fileID: 1110552435540061221, guid: 3472dc379ed1d8f4591a5ff9d2a829f3,
        type: 3}
      propertyPath: m_Tangents.Array.data[69].z
      value: 0.000000048501207
      objectReference: {fileID: 0}
    - target: {fileID: 1110552435540061221, guid: 3472dc379ed1d8f4591a5ff9d2a829f3,
        type: 3}
      propertyPath: m_Tangents.Array.data[70].x
      value: 0.0158375
      objectReference: {fileID: 0}
    - target: {fileID: 1110552435540061221, guid: 3472dc379ed1d8f4591a5ff9d2a829f3,
        type: 3}
      propertyPath: m_Tangents.Array.data[70].y
      value: 0.9998746
      objectReference: {fileID: 0}
    - target: {fileID: 1110552435540061221, guid: 3472dc379ed1d8f4591a5ff9d2a829f3,
        type: 3}
      propertyPath: m_Tangents.Array.data[70].z
      value: 0.000000048501207
      objectReference: {fileID: 0}
    - target: {fileID: 1110552435540061221, guid: 3472dc379ed1d8f4591a5ff9d2a829f3,
        type: 3}
      propertyPath: m_Tangents.Array.data[71].x
      value: 0.0158375
      objectReference: {fileID: 0}
    - target: {fileID: 1110552435540061221, guid: 3472dc379ed1d8f4591a5ff9d2a829f3,
        type: 3}
      propertyPath: m_Tangents.Array.data[71].y
      value: 0.9998746
      objectReference: {fileID: 0}
    - target: {fileID: 1110552435540061221, guid: 3472dc379ed1d8f4591a5ff9d2a829f3,
        type: 3}
      propertyPath: m_Tangents.Array.data[71].z
      value: 0.000000046561155
      objectReference: {fileID: 0}
    - target: {fileID: 1110552435540061221, guid: 3472dc379ed1d8f4591a5ff9d2a829f3,
        type: 3}
      propertyPath: m_Tangents.Array.data[80].w
      value: -1
      objectReference: {fileID: 0}
    - target: {fileID: 1110552435540061221, guid: 3472dc379ed1d8f4591a5ff9d2a829f3,
        type: 3}
      propertyPath: m_Tangents.Array.data[80].x
      value: -0.000000030052153
      objectReference: {fileID: 0}
    - target: {fileID: 1110552435540061221, guid: 3472dc379ed1d8f4591a5ff9d2a829f3,
        type: 3}
      propertyPath: m_Tangents.Array.data[80].y
      value: 1
      objectReference: {fileID: 0}
    - target: {fileID: 1110552435540061221, guid: 3472dc379ed1d8f4591a5ff9d2a829f3,
        type: 3}
      propertyPath: m_Tangents.Array.data[80].z
      value: 0
      objectReference: {fileID: 0}
    - target: {fileID: 1110552435540061221, guid: 3472dc379ed1d8f4591a5ff9d2a829f3,
        type: 3}
      propertyPath: m_Tangents.Array.data[81].w
      value: -1
      objectReference: {fileID: 0}
    - target: {fileID: 1110552435540061221, guid: 3472dc379ed1d8f4591a5ff9d2a829f3,
        type: 3}
      propertyPath: m_Tangents.Array.data[81].x
      value: -0.000000044720014
      objectReference: {fileID: 0}
    - target: {fileID: 1110552435540061221, guid: 3472dc379ed1d8f4591a5ff9d2a829f3,
        type: 3}
      propertyPath: m_Tangents.Array.data[81].y
      value: 1
      objectReference: {fileID: 0}
    - target: {fileID: 1110552435540061221, guid: 3472dc379ed1d8f4591a5ff9d2a829f3,
        type: 3}
      propertyPath: m_Tangents.Array.data[81].z
      value: 0
      objectReference: {fileID: 0}
    - target: {fileID: 1110552435540061221, guid: 3472dc379ed1d8f4591a5ff9d2a829f3,
        type: 3}
      propertyPath: m_Tangents.Array.data[82].w
      value: -1
      objectReference: {fileID: 0}
    - target: {fileID: 1110552435540061221, guid: 3472dc379ed1d8f4591a5ff9d2a829f3,
        type: 3}
      propertyPath: m_Tangents.Array.data[82].x
      value: -0.000000044720014
      objectReference: {fileID: 0}
    - target: {fileID: 1110552435540061221, guid: 3472dc379ed1d8f4591a5ff9d2a829f3,
        type: 3}
      propertyPath: m_Tangents.Array.data[82].y
      value: 1
      objectReference: {fileID: 0}
    - target: {fileID: 1110552435540061221, guid: 3472dc379ed1d8f4591a5ff9d2a829f3,
        type: 3}
      propertyPath: m_Tangents.Array.data[82].z
      value: 0
      objectReference: {fileID: 0}
    - target: {fileID: 1110552435540061221, guid: 3472dc379ed1d8f4591a5ff9d2a829f3,
        type: 3}
      propertyPath: m_Tangents.Array.data[83].w
      value: -1
      objectReference: {fileID: 0}
    - target: {fileID: 1110552435540061221, guid: 3472dc379ed1d8f4591a5ff9d2a829f3,
        type: 3}
      propertyPath: m_Tangents.Array.data[83].x
      value: -0.000000059387872
      objectReference: {fileID: 0}
    - target: {fileID: 1110552435540061221, guid: 3472dc379ed1d8f4591a5ff9d2a829f3,
        type: 3}
      propertyPath: m_Tangents.Array.data[83].y
      value: 1
      objectReference: {fileID: 0}
    - target: {fileID: 1110552435540061221, guid: 3472dc379ed1d8f4591a5ff9d2a829f3,
        type: 3}
      propertyPath: m_Tangents.Array.data[83].z
      value: 0
      objectReference: {fileID: 0}
    - target: {fileID: 1110552435540061221, guid: 3472dc379ed1d8f4591a5ff9d2a829f3,
        type: 3}
      propertyPath: m_Tangents.Array.data[84].x
      value: -0.015842238
      objectReference: {fileID: 0}
    - target: {fileID: 1110552435540061221, guid: 3472dc379ed1d8f4591a5ff9d2a829f3,
        type: 3}
      propertyPath: m_Tangents.Array.data[84].y
      value: 0.99987453
      objectReference: {fileID: 0}
    - target: {fileID: 1110552435540061221, guid: 3472dc379ed1d8f4591a5ff9d2a829f3,
        type: 3}
      propertyPath: m_Tangents.Array.data[84].z
      value: -0.00000004656561
      objectReference: {fileID: 0}
    - target: {fileID: 1110552435540061221, guid: 3472dc379ed1d8f4591a5ff9d2a829f3,
        type: 3}
      propertyPath: m_Tangents.Array.data[85].x
      value: -0.01584224
      objectReference: {fileID: 0}
    - target: {fileID: 1110552435540061221, guid: 3472dc379ed1d8f4591a5ff9d2a829f3,
        type: 3}
      propertyPath: m_Tangents.Array.data[85].y
      value: 0.99987453
      objectReference: {fileID: 0}
    - target: {fileID: 1110552435540061221, guid: 3472dc379ed1d8f4591a5ff9d2a829f3,
        type: 3}
      propertyPath: m_Tangents.Array.data[85].z
      value: -0.000000040744904
      objectReference: {fileID: 0}
    - target: {fileID: 1110552435540061221, guid: 3472dc379ed1d8f4591a5ff9d2a829f3,
        type: 3}
      propertyPath: m_Tangents.Array.data[86].x
      value: -0.01584224
      objectReference: {fileID: 0}
    - target: {fileID: 1110552435540061221, guid: 3472dc379ed1d8f4591a5ff9d2a829f3,
        type: 3}
      propertyPath: m_Tangents.Array.data[86].y
      value: 0.99987453
      objectReference: {fileID: 0}
    - target: {fileID: 1110552435540061221, guid: 3472dc379ed1d8f4591a5ff9d2a829f3,
        type: 3}
      propertyPath: m_Tangents.Array.data[86].z
      value: -0.000000040744904
      objectReference: {fileID: 0}
    - target: {fileID: 1110552435540061221, guid: 3472dc379ed1d8f4591a5ff9d2a829f3,
        type: 3}
      propertyPath: m_Tangents.Array.data[87].x
      value: -0.01584224
      objectReference: {fileID: 0}
    - target: {fileID: 1110552435540061221, guid: 3472dc379ed1d8f4591a5ff9d2a829f3,
        type: 3}
      propertyPath: m_Tangents.Array.data[87].y
      value: 0.99987453
      objectReference: {fileID: 0}
    - target: {fileID: 1110552435540061221, guid: 3472dc379ed1d8f4591a5ff9d2a829f3,
        type: 3}
      propertyPath: m_Tangents.Array.data[87].z
      value: -0.000000034924202
      objectReference: {fileID: 0}
    - target: {fileID: 1110552435540061221, guid: 3472dc379ed1d8f4591a5ff9d2a829f3,
        type: 3}
      propertyPath: m_Tangents.Array.data[88].w
      value: -1
      objectReference: {fileID: 0}
    - target: {fileID: 1110552435540061221, guid: 3472dc379ed1d8f4591a5ff9d2a829f3,
        type: 3}
      propertyPath: m_Tangents.Array.data[88].x
      value: 1
      objectReference: {fileID: 0}
    - target: {fileID: 1110552435540061221, guid: 3472dc379ed1d8f4591a5ff9d2a829f3,
        type: 3}
      propertyPath: m_Tangents.Array.data[88].y
      value: -0.0000000021470334
      objectReference: {fileID: 0}
    - target: {fileID: 1110552435540061221, guid: 3472dc379ed1d8f4591a5ff9d2a829f3,
        type: 3}
      propertyPath: m_Tangents.Array.data[88].z
      value: 0
      objectReference: {fileID: 0}
    - target: {fileID: 1110552435540061221, guid: 3472dc379ed1d8f4591a5ff9d2a829f3,
        type: 3}
      propertyPath: m_Tangents.Array.data[89].w
      value: -1
      objectReference: {fileID: 0}
    - target: {fileID: 1110552435540061221, guid: 3472dc379ed1d8f4591a5ff9d2a829f3,
        type: 3}
      propertyPath: m_Tangents.Array.data[89].x
      value: 1
      objectReference: {fileID: 0}
    - target: {fileID: 1110552435540061221, guid: 3472dc379ed1d8f4591a5ff9d2a829f3,
        type: 3}
      propertyPath: m_Tangents.Array.data[89].y
      value: 0.00000012805054
      objectReference: {fileID: 0}
    - target: {fileID: 1110552435540061221, guid: 3472dc379ed1d8f4591a5ff9d2a829f3,
        type: 3}
      propertyPath: m_Tangents.Array.data[89].z
      value: 0
      objectReference: {fileID: 0}
    - target: {fileID: 1110552435540061221, guid: 3472dc379ed1d8f4591a5ff9d2a829f3,
        type: 3}
      propertyPath: m_Tangents.Array.data[90].w
      value: -1
      objectReference: {fileID: 0}
    - target: {fileID: 1110552435540061221, guid: 3472dc379ed1d8f4591a5ff9d2a829f3,
        type: 3}
      propertyPath: m_Tangents.Array.data[90].x
      value: 1
      objectReference: {fileID: 0}
    - target: {fileID: 1110552435540061221, guid: 3472dc379ed1d8f4591a5ff9d2a829f3,
        type: 3}
      propertyPath: m_Tangents.Array.data[90].y
      value: 0.00000012805054
      objectReference: {fileID: 0}
    - target: {fileID: 1110552435540061221, guid: 3472dc379ed1d8f4591a5ff9d2a829f3,
        type: 3}
      propertyPath: m_Tangents.Array.data[90].z
      value: 0
      objectReference: {fileID: 0}
    - target: {fileID: 1110552435540061221, guid: 3472dc379ed1d8f4591a5ff9d2a829f3,
        type: 3}
      propertyPath: m_Tangents.Array.data[91].w
      value: -1
      objectReference: {fileID: 0}
    - target: {fileID: 1110552435540061221, guid: 3472dc379ed1d8f4591a5ff9d2a829f3,
        type: 3}
      propertyPath: m_Tangents.Array.data[91].x
      value: 1
      objectReference: {fileID: 0}
    - target: {fileID: 1110552435540061221, guid: 3472dc379ed1d8f4591a5ff9d2a829f3,
        type: 3}
      propertyPath: m_Tangents.Array.data[91].y
      value: 0.00000025824815
      objectReference: {fileID: 0}
    - target: {fileID: 1110552435540061221, guid: 3472dc379ed1d8f4591a5ff9d2a829f3,
        type: 3}
      propertyPath: m_Tangents.Array.data[91].z
      value: 0
      objectReference: {fileID: 0}
    - target: {fileID: 1110552435540061221, guid: 3472dc379ed1d8f4591a5ff9d2a829f3,
        type: 3}
      propertyPath: m_Tangents.Array.data[104].w
      value: -1
      objectReference: {fileID: 0}
    - target: {fileID: 1110552435540061221, guid: 3472dc379ed1d8f4591a5ff9d2a829f3,
        type: 3}
      propertyPath: m_Tangents.Array.data[104].x
      value: 1
      objectReference: {fileID: 0}
    - target: {fileID: 1110552435540061221, guid: 3472dc379ed1d8f4591a5ff9d2a829f3,
        type: 3}
      propertyPath: m_Tangents.Array.data[104].y
      value: 0.000000003985552
      objectReference: {fileID: 0}
    - target: {fileID: 1110552435540061221, guid: 3472dc379ed1d8f4591a5ff9d2a829f3,
        type: 3}
      propertyPath: m_Tangents.Array.data[104].z
      value: 0
      objectReference: {fileID: 0}
    - target: {fileID: 1110552435540061221, guid: 3472dc379ed1d8f4591a5ff9d2a829f3,
        type: 3}
      propertyPath: m_Tangents.Array.data[105].w
      value: -1
      objectReference: {fileID: 0}
    - target: {fileID: 1110552435540061221, guid: 3472dc379ed1d8f4591a5ff9d2a829f3,
        type: 3}
      propertyPath: m_Tangents.Array.data[105].x
      value: 1
      objectReference: {fileID: 0}
    - target: {fileID: 1110552435540061221, guid: 3472dc379ed1d8f4591a5ff9d2a829f3,
        type: 3}
      propertyPath: m_Tangents.Array.data[105].y
      value: 0.00000000848733
      objectReference: {fileID: 0}
    - target: {fileID: 1110552435540061221, guid: 3472dc379ed1d8f4591a5ff9d2a829f3,
        type: 3}
      propertyPath: m_Tangents.Array.data[105].z
      value: 0
      objectReference: {fileID: 0}
    - target: {fileID: 1110552435540061221, guid: 3472dc379ed1d8f4591a5ff9d2a829f3,
        type: 3}
      propertyPath: m_Tangents.Array.data[106].w
      value: -1
      objectReference: {fileID: 0}
    - target: {fileID: 1110552435540061221, guid: 3472dc379ed1d8f4591a5ff9d2a829f3,
        type: 3}
      propertyPath: m_Tangents.Array.data[106].x
      value: 1
      objectReference: {fileID: 0}
    - target: {fileID: 1110552435540061221, guid: 3472dc379ed1d8f4591a5ff9d2a829f3,
        type: 3}
      propertyPath: m_Tangents.Array.data[106].y
      value: 0.00000000848733
      objectReference: {fileID: 0}
    - target: {fileID: 1110552435540061221, guid: 3472dc379ed1d8f4591a5ff9d2a829f3,
        type: 3}
      propertyPath: m_Tangents.Array.data[106].z
      value: 0
      objectReference: {fileID: 0}
    - target: {fileID: 1110552435540061221, guid: 3472dc379ed1d8f4591a5ff9d2a829f3,
        type: 3}
      propertyPath: m_Tangents.Array.data[107].w
      value: -1
      objectReference: {fileID: 0}
    - target: {fileID: 1110552435540061221, guid: 3472dc379ed1d8f4591a5ff9d2a829f3,
        type: 3}
      propertyPath: m_Tangents.Array.data[107].x
      value: 1
      objectReference: {fileID: 0}
    - target: {fileID: 1110552435540061221, guid: 3472dc379ed1d8f4591a5ff9d2a829f3,
        type: 3}
      propertyPath: m_Tangents.Array.data[107].y
      value: 0.000000012989106
      objectReference: {fileID: 0}
    - target: {fileID: 1110552435540061221, guid: 3472dc379ed1d8f4591a5ff9d2a829f3,
        type: 3}
      propertyPath: m_Tangents.Array.data[107].z
      value: 0
      objectReference: {fileID: 0}
    - target: {fileID: 1110552435540061221, guid: 3472dc379ed1d8f4591a5ff9d2a829f3,
        type: 3}
      propertyPath: m_Tangents.Array.data[116].w
      value: -1
      objectReference: {fileID: 0}
    - target: {fileID: 1110552435540061221, guid: 3472dc379ed1d8f4591a5ff9d2a829f3,
        type: 3}
      propertyPath: m_Tangents.Array.data[116].x
      value: 1
      objectReference: {fileID: 0}
    - target: {fileID: 1110552435540061221, guid: 3472dc379ed1d8f4591a5ff9d2a829f3,
        type: 3}
      propertyPath: m_Tangents.Array.data[116].y
      value: 0
      objectReference: {fileID: 0}
    - target: {fileID: 1110552435540061221, guid: 3472dc379ed1d8f4591a5ff9d2a829f3,
        type: 3}
      propertyPath: m_Tangents.Array.data[116].z
      value: 0
      objectReference: {fileID: 0}
    - target: {fileID: 1110552435540061221, guid: 3472dc379ed1d8f4591a5ff9d2a829f3,
        type: 3}
      propertyPath: m_Tangents.Array.data[117].w
      value: -1
      objectReference: {fileID: 0}
    - target: {fileID: 1110552435540061221, guid: 3472dc379ed1d8f4591a5ff9d2a829f3,
        type: 3}
      propertyPath: m_Tangents.Array.data[117].x
      value: 1
      objectReference: {fileID: 0}
    - target: {fileID: 1110552435540061221, guid: 3472dc379ed1d8f4591a5ff9d2a829f3,
        type: 3}
      propertyPath: m_Tangents.Array.data[117].y
      value: 0
      objectReference: {fileID: 0}
    - target: {fileID: 1110552435540061221, guid: 3472dc379ed1d8f4591a5ff9d2a829f3,
        type: 3}
      propertyPath: m_Tangents.Array.data[117].z
      value: 0
      objectReference: {fileID: 0}
    - target: {fileID: 1110552435540061221, guid: 3472dc379ed1d8f4591a5ff9d2a829f3,
        type: 3}
      propertyPath: m_Tangents.Array.data[118].w
      value: -1
      objectReference: {fileID: 0}
    - target: {fileID: 1110552435540061221, guid: 3472dc379ed1d8f4591a5ff9d2a829f3,
        type: 3}
      propertyPath: m_Tangents.Array.data[118].x
      value: 1
      objectReference: {fileID: 0}
    - target: {fileID: 1110552435540061221, guid: 3472dc379ed1d8f4591a5ff9d2a829f3,
        type: 3}
      propertyPath: m_Tangents.Array.data[118].y
      value: 0
      objectReference: {fileID: 0}
    - target: {fileID: 1110552435540061221, guid: 3472dc379ed1d8f4591a5ff9d2a829f3,
        type: 3}
      propertyPath: m_Tangents.Array.data[118].z
      value: 0
      objectReference: {fileID: 0}
    - target: {fileID: 1110552435540061221, guid: 3472dc379ed1d8f4591a5ff9d2a829f3,
        type: 3}
      propertyPath: m_Tangents.Array.data[119].w
      value: -1
      objectReference: {fileID: 0}
    - target: {fileID: 1110552435540061221, guid: 3472dc379ed1d8f4591a5ff9d2a829f3,
        type: 3}
      propertyPath: m_Tangents.Array.data[119].x
      value: 1
      objectReference: {fileID: 0}
    - target: {fileID: 1110552435540061221, guid: 3472dc379ed1d8f4591a5ff9d2a829f3,
        type: 3}
      propertyPath: m_Tangents.Array.data[119].y
      value: 0
      objectReference: {fileID: 0}
    - target: {fileID: 1110552435540061221, guid: 3472dc379ed1d8f4591a5ff9d2a829f3,
        type: 3}
      propertyPath: m_Tangents.Array.data[119].z
      value: 0
      objectReference: {fileID: 0}
    - target: {fileID: 1110552435540061221, guid: 3472dc379ed1d8f4591a5ff9d2a829f3,
        type: 3}
      propertyPath: m_Tangents.Array.data[134].w
      value: -1
      objectReference: {fileID: 0}
    - target: {fileID: 1110552435540061221, guid: 3472dc379ed1d8f4591a5ff9d2a829f3,
        type: 3}
      propertyPath: m_Tangents.Array.data[134].x
      value: 1
      objectReference: {fileID: 0}
    - target: {fileID: 1110552435540061221, guid: 3472dc379ed1d8f4591a5ff9d2a829f3,
        type: 3}
      propertyPath: m_Tangents.Array.data[134].y
      value: 0
      objectReference: {fileID: 0}
    - target: {fileID: 1110552435540061221, guid: 3472dc379ed1d8f4591a5ff9d2a829f3,
        type: 3}
      propertyPath: m_Tangents.Array.data[134].z
      value: 0
      objectReference: {fileID: 0}
    - target: {fileID: 1110552435540061221, guid: 3472dc379ed1d8f4591a5ff9d2a829f3,
        type: 3}
      propertyPath: m_Tangents.Array.data[135].w
      value: -1
      objectReference: {fileID: 0}
    - target: {fileID: 1110552435540061221, guid: 3472dc379ed1d8f4591a5ff9d2a829f3,
        type: 3}
      propertyPath: m_Tangents.Array.data[135].x
      value: 1
      objectReference: {fileID: 0}
    - target: {fileID: 1110552435540061221, guid: 3472dc379ed1d8f4591a5ff9d2a829f3,
        type: 3}
      propertyPath: m_Tangents.Array.data[135].y
      value: 0
      objectReference: {fileID: 0}
    - target: {fileID: 1110552435540061221, guid: 3472dc379ed1d8f4591a5ff9d2a829f3,
        type: 3}
      propertyPath: m_Tangents.Array.data[135].z
      value: 0
      objectReference: {fileID: 0}
    - target: {fileID: 1110552435540061221, guid: 3472dc379ed1d8f4591a5ff9d2a829f3,
        type: 3}
      propertyPath: m_Tangents.Array.data[156].x
      value: 0.011733422
      objectReference: {fileID: 0}
    - target: {fileID: 1110552435540061221, guid: 3472dc379ed1d8f4591a5ff9d2a829f3,
        type: 3}
      propertyPath: m_Tangents.Array.data[156].y
      value: 0.99990714
      objectReference: {fileID: 0}
    - target: {fileID: 1110552435540061221, guid: 3472dc379ed1d8f4591a5ff9d2a829f3,
        type: 3}
      propertyPath: m_Tangents.Array.data[156].z
      value: 0.0069398265
      objectReference: {fileID: 0}
    - target: {fileID: 1110552435540061221, guid: 3472dc379ed1d8f4591a5ff9d2a829f3,
        type: 3}
      propertyPath: m_Tangents.Array.data[157].x
      value: 0.010675328
      objectReference: {fileID: 0}
    - target: {fileID: 1110552435540061221, guid: 3472dc379ed1d8f4591a5ff9d2a829f3,
        type: 3}
      propertyPath: m_Tangents.Array.data[157].y
      value: 0.99992317
      objectReference: {fileID: 0}
    - target: {fileID: 1110552435540061221, guid: 3472dc379ed1d8f4591a5ff9d2a829f3,
        type: 3}
      propertyPath: m_Tangents.Array.data[157].z
      value: 0.0063139955
      objectReference: {fileID: 0}
    - target: {fileID: 1110552435540061221, guid: 3472dc379ed1d8f4591a5ff9d2a829f3,
        type: 3}
      propertyPath: m_Tangents.Array.data[158].x
      value: 0.010675328
      objectReference: {fileID: 0}
    - target: {fileID: 1110552435540061221, guid: 3472dc379ed1d8f4591a5ff9d2a829f3,
        type: 3}
      propertyPath: m_Tangents.Array.data[158].y
      value: 0.99992317
      objectReference: {fileID: 0}
    - target: {fileID: 1110552435540061221, guid: 3472dc379ed1d8f4591a5ff9d2a829f3,
        type: 3}
      propertyPath: m_Tangents.Array.data[158].z
      value: 0.0063139955
      objectReference: {fileID: 0}
    - target: {fileID: 1110552435540061221, guid: 3472dc379ed1d8f4591a5ff9d2a829f3,
        type: 3}
      propertyPath: m_Tangents.Array.data[159].x
      value: 0.009616
      objectReference: {fileID: 0}
    - target: {fileID: 1110552435540061221, guid: 3472dc379ed1d8f4591a5ff9d2a829f3,
        type: 3}
      propertyPath: m_Tangents.Array.data[159].y
      value: 0.99993765
      objectReference: {fileID: 0}
    - target: {fileID: 1110552435540061221, guid: 3472dc379ed1d8f4591a5ff9d2a829f3,
        type: 3}
      propertyPath: m_Tangents.Array.data[159].z
      value: 0.0056874747
      objectReference: {fileID: 0}
    - target: {fileID: 1110552435540061221, guid: 3472dc379ed1d8f4591a5ff9d2a829f3,
        type: 3}
      propertyPath: m_Tangents.Array.data[184].x
      value: -0.012603814
      objectReference: {fileID: 0}
    - target: {fileID: 1110552435540061221, guid: 3472dc379ed1d8f4591a5ff9d2a829f3,
        type: 3}
      propertyPath: m_Tangents.Array.data[184].y
      value: 0.99990016
      objectReference: {fileID: 0}
    - target: {fileID: 1110552435540061221, guid: 3472dc379ed1d8f4591a5ff9d2a829f3,
        type: 3}
      propertyPath: m_Tangents.Array.data[184].z
      value: 0.0063891453
      objectReference: {fileID: 0}
    - target: {fileID: 1110552435540061221, guid: 3472dc379ed1d8f4591a5ff9d2a829f3,
        type: 3}
      propertyPath: m_Tangents.Array.data[185].x
      value: -0.011194592
      objectReference: {fileID: 0}
    - target: {fileID: 1110552435540061221, guid: 3472dc379ed1d8f4591a5ff9d2a829f3,
        type: 3}
      propertyPath: m_Tangents.Array.data[185].y
      value: 0.9999212
      objectReference: {fileID: 0}
    - target: {fileID: 1110552435540061221, guid: 3472dc379ed1d8f4591a5ff9d2a829f3,
        type: 3}
      propertyPath: m_Tangents.Array.data[185].z
      value: 0.005674821
      objectReference: {fileID: 0}
    - target: {fileID: 1110552435540061221, guid: 3472dc379ed1d8f4591a5ff9d2a829f3,
        type: 3}
      propertyPath: m_Tangents.Array.data[186].x
      value: -0.011194592
      objectReference: {fileID: 0}
    - target: {fileID: 1110552435540061221, guid: 3472dc379ed1d8f4591a5ff9d2a829f3,
        type: 3}
      propertyPath: m_Tangents.Array.data[186].y
      value: 0.9999212
      objectReference: {fileID: 0}
    - target: {fileID: 1110552435540061221, guid: 3472dc379ed1d8f4591a5ff9d2a829f3,
        type: 3}
      propertyPath: m_Tangents.Array.data[186].z
      value: 0.005674821
      objectReference: {fileID: 0}
    - target: {fileID: 1110552435540061221, guid: 3472dc379ed1d8f4591a5ff9d2a829f3,
        type: 3}
      propertyPath: m_Tangents.Array.data[187].x
      value: -0.009783675
      objectReference: {fileID: 0}
    - target: {fileID: 1110552435540061221, guid: 3472dc379ed1d8f4591a5ff9d2a829f3,
        type: 3}
      propertyPath: m_Tangents.Array.data[187].y
      value: 0.9999399
      objectReference: {fileID: 0}
    - target: {fileID: 1110552435540061221, guid: 3472dc379ed1d8f4591a5ff9d2a829f3,
        type: 3}
      propertyPath: m_Tangents.Array.data[187].z
      value: 0.004959584
      objectReference: {fileID: 0}
    - target: {fileID: 1110552435540061221, guid: 3472dc379ed1d8f4591a5ff9d2a829f3,
        type: 3}
      propertyPath: m_Textures0.Array.data[60].x
      value: 1.3164191
      objectReference: {fileID: 0}
    - target: {fileID: 1110552435540061221, guid: 3472dc379ed1d8f4591a5ff9d2a829f3,
        type: 3}
      propertyPath: m_Textures0.Array.data[60].y
      value: -0.055362426
      objectReference: {fileID: 0}
    - target: {fileID: 1110552435540061221, guid: 3472dc379ed1d8f4591a5ff9d2a829f3,
        type: 3}
      propertyPath: m_Textures0.Array.data[61].x
      value: 1.3164191
      objectReference: {fileID: 0}
    - target: {fileID: 1110552435540061221, guid: 3472dc379ed1d8f4591a5ff9d2a829f3,
        type: 3}
      propertyPath: m_Textures0.Array.data[61].y
      value: -0.46360332
      objectReference: {fileID: 0}
    - target: {fileID: 1110552435540061221, guid: 3472dc379ed1d8f4591a5ff9d2a829f3,
        type: 3}
      propertyPath: m_Textures0.Array.data[62].x
      value: -0.6644878
      objectReference: {fileID: 0}
    - target: {fileID: 1110552435540061221, guid: 3472dc379ed1d8f4591a5ff9d2a829f3,
        type: 3}
      propertyPath: m_Textures0.Array.data[62].y
      value: -0.033354692
      objectReference: {fileID: 0}
    - target: {fileID: 1110552435540061221, guid: 3472dc379ed1d8f4591a5ff9d2a829f3,
        type: 3}
      propertyPath: m_Textures0.Array.data[63].x
      value: -0.66695446
      objectReference: {fileID: 0}
    - target: {fileID: 1110552435540061221, guid: 3472dc379ed1d8f4591a5ff9d2a829f3,
        type: 3}
      propertyPath: m_Textures0.Array.data[63].y
      value: -0.4636032
      objectReference: {fileID: 0}
    - target: {fileID: 1110552435540061221, guid: 3472dc379ed1d8f4591a5ff9d2a829f3,
        type: 3}
      propertyPath: m_Textures0.Array.data[68].x
      value: 1.0601025
      objectReference: {fileID: 0}
    - target: {fileID: 1110552435540061221, guid: 3472dc379ed1d8f4591a5ff9d2a829f3,
        type: 3}
      propertyPath: m_Textures0.Array.data[68].y
      value: -0.22143747
      objectReference: {fileID: 0}
    - target: {fileID: 1110552435540061221, guid: 3472dc379ed1d8f4591a5ff9d2a829f3,
        type: 3}
      propertyPath: m_Textures0.Array.data[69].x
      value: 1.0601025
      objectReference: {fileID: 0}
    - target: {fileID: 1110552435540061221, guid: 3472dc379ed1d8f4591a5ff9d2a829f3,
        type: 3}
      propertyPath: m_Textures0.Array.data[69].y
      value: -0.42143747
      objectReference: {fileID: 0}
    - target: {fileID: 1110552435540061221, guid: 3472dc379ed1d8f4591a5ff9d2a829f3,
        type: 3}
      propertyPath: m_Textures0.Array.data[70].x
      value: -0.8601025
      objectReference: {fileID: 0}
    - target: {fileID: 1110552435540061221, guid: 3472dc379ed1d8f4591a5ff9d2a829f3,
        type: 3}
      propertyPath: m_Textures0.Array.data[70].y
      value: -0.22143736
      objectReference: {fileID: 0}
    - target: {fileID: 1110552435540061221, guid: 3472dc379ed1d8f4591a5ff9d2a829f3,
        type: 3}
      propertyPath: m_Textures0.Array.data[71].x
      value: -0.8601025
      objectReference: {fileID: 0}
    - target: {fileID: 1110552435540061221, guid: 3472dc379ed1d8f4591a5ff9d2a829f3,
        type: 3}
      propertyPath: m_Textures0.Array.data[71].y
      value: -0.42143738
      objectReference: {fileID: 0}
    - target: {fileID: 1110552435540061221, guid: 3472dc379ed1d8f4591a5ff9d2a829f3,
        type: 3}
      propertyPath: m_Textures0.Array.data[80].x
      value: 5.0355153
      objectReference: {fileID: 0}
    - target: {fileID: 1110552435540061221, guid: 3472dc379ed1d8f4591a5ff9d2a829f3,
        type: 3}
      propertyPath: m_Textures0.Array.data[80].y
      value: 0.011768222
      objectReference: {fileID: 0}
    - target: {fileID: 1110552435540061221, guid: 3472dc379ed1d8f4591a5ff9d2a829f3,
        type: 3}
      propertyPath: m_Textures0.Array.data[81].x
      value: 5.0355153
      objectReference: {fileID: 0}
    - target: {fileID: 1110552435540061221, guid: 3472dc379ed1d8f4591a5ff9d2a829f3,
        type: 3}
      propertyPath: m_Textures0.Array.data[81].y
      value: -0.443741
      objectReference: {fileID: 0}
    - target: {fileID: 1110552435540061221, guid: 3472dc379ed1d8f4591a5ff9d2a829f3,
        type: 3}
      propertyPath: m_Textures0.Array.data[82].x
      value: 3.4488165
      objectReference: {fileID: 0}
    - target: {fileID: 1110552435540061221, guid: 3472dc379ed1d8f4591a5ff9d2a829f3,
        type: 3}
      propertyPath: m_Textures0.Array.data[82].y
      value: 0.011768281
      objectReference: {fileID: 0}
    - target: {fileID: 1110552435540061221, guid: 3472dc379ed1d8f4591a5ff9d2a829f3,
        type: 3}
      propertyPath: m_Textures0.Array.data[83].x
      value: 3.4506457
      objectReference: {fileID: 0}
    - target: {fileID: 1110552435540061221, guid: 3472dc379ed1d8f4591a5ff9d2a829f3,
        type: 3}
      propertyPath: m_Textures0.Array.data[83].y
      value: -0.4687262
      objectReference: {fileID: 0}
    - target: {fileID: 1110552435540061221, guid: 3472dc379ed1d8f4591a5ff9d2a829f3,
        type: 3}
      propertyPath: m_Textures0.Array.data[84].x
      value: 0.86001086
      objectReference: {fileID: 0}
    - target: {fileID: 1110552435540061221, guid: 3472dc379ed1d8f4591a5ff9d2a829f3,
        type: 3}
      propertyPath: m_Textures0.Array.data[84].y
      value: -0.29312104
      objectReference: {fileID: 0}
    - target: {fileID: 1110552435540061221, guid: 3472dc379ed1d8f4591a5ff9d2a829f3,
        type: 3}
      propertyPath: m_Textures0.Array.data[85].x
      value: 0.86001086
      objectReference: {fileID: 0}
    - target: {fileID: 1110552435540061221, guid: 3472dc379ed1d8f4591a5ff9d2a829f3,
        type: 3}
      propertyPath: m_Textures0.Array.data[85].y
      value: -0.49312103
      objectReference: {fileID: 0}
    - target: {fileID: 1110552435540061221, guid: 3472dc379ed1d8f4591a5ff9d2a829f3,
        type: 3}
      propertyPath: m_Textures0.Array.data[86].x
      value: -1.0600109
      objectReference: {fileID: 0}
    - target: {fileID: 1110552435540061221, guid: 3472dc379ed1d8f4591a5ff9d2a829f3,
        type: 3}
      propertyPath: m_Textures0.Array.data[86].y
      value: -0.29312095
      objectReference: {fileID: 0}
    - target: {fileID: 1110552435540061221, guid: 3472dc379ed1d8f4591a5ff9d2a829f3,
        type: 3}
      propertyPath: m_Textures0.Array.data[87].x
      value: -1.0600109
      objectReference: {fileID: 0}
    - target: {fileID: 1110552435540061221, guid: 3472dc379ed1d8f4591a5ff9d2a829f3,
        type: 3}
      propertyPath: m_Textures0.Array.data[87].y
      value: -0.49312097
      objectReference: {fileID: 0}
    - target: {fileID: 1110552435540061221, guid: 3472dc379ed1d8f4591a5ff9d2a829f3,
        type: 3}
      propertyPath: m_Textures0.Array.data[88].x
      value: 0.060051322
      objectReference: {fileID: 0}
    - target: {fileID: 1110552435540061221, guid: 3472dc379ed1d8f4591a5ff9d2a829f3,
        type: 3}
      propertyPath: m_Textures0.Array.data[88].y
      value: -1.2894799
      objectReference: {fileID: 0}
    - target: {fileID: 1110552435540061221, guid: 3472dc379ed1d8f4591a5ff9d2a829f3,
        type: 3}
      propertyPath: m_Textures0.Array.data[89].x
      value: 0.52941334
      objectReference: {fileID: 0}
    - target: {fileID: 1110552435540061221, guid: 3472dc379ed1d8f4591a5ff9d2a829f3,
        type: 3}
      propertyPath: m_Textures0.Array.data[89].y
      value: -1.2907132
      objectReference: {fileID: 0}
    - target: {fileID: 1110552435540061221, guid: 3472dc379ed1d8f4591a5ff9d2a829f3,
        type: 3}
      propertyPath: m_Textures0.Array.data[90].x
      value: 0.10729711
      objectReference: {fileID: 0}
    - target: {fileID: 1110552435540061221, guid: 3472dc379ed1d8f4591a5ff9d2a829f3,
        type: 3}
      propertyPath: m_Textures0.Array.data[90].y
      value: -1.429665
      objectReference: {fileID: 0}
    - target: {fileID: 1110552435540061221, guid: 3472dc379ed1d8f4591a5ff9d2a829f3,
        type: 3}
      propertyPath: m_Textures0.Array.data[91].x
      value: 0.52941334
      objectReference: {fileID: 0}
    - target: {fileID: 1110552435540061221, guid: 3472dc379ed1d8f4591a5ff9d2a829f3,
        type: 3}
      propertyPath: m_Textures0.Array.data[91].y
      value: -1.4330417
      objectReference: {fileID: 0}
    - target: {fileID: 1110552435540061221, guid: 3472dc379ed1d8f4591a5ff9d2a829f3,
        type: 3}
      propertyPath: m_SelectedVertices.Array.size
      value: 4
      objectReference: {fileID: 0}
    - target: {fileID: 1110552435540061221, guid: 3472dc379ed1d8f4591a5ff9d2a829f3,
        type: 3}
      propertyPath: m_Textures0.Array.data[104].x
      value: 4.0115285
      objectReference: {fileID: 0}
    - target: {fileID: 1110552435540061221, guid: 3472dc379ed1d8f4591a5ff9d2a829f3,
        type: 3}
      propertyPath: m_Textures0.Array.data[104].y
      value: -1.2907583
      objectReference: {fileID: 0}
    - target: {fileID: 1110552435540061221, guid: 3472dc379ed1d8f4591a5ff9d2a829f3,
        type: 3}
      propertyPath: m_Textures0.Array.data[105].x
      value: 4.4728036
      objectReference: {fileID: 0}
    - target: {fileID: 1110552435540061221, guid: 3472dc379ed1d8f4591a5ff9d2a829f3,
        type: 3}
      propertyPath: m_Textures0.Array.data[105].y
      value: -1.289615
      objectReference: {fileID: 0}
    - target: {fileID: 1110552435540061221, guid: 3472dc379ed1d8f4591a5ff9d2a829f3,
        type: 3}
      propertyPath: m_Textures0.Array.data[106].x
      value: 4.0115285
      objectReference: {fileID: 0}
    - target: {fileID: 1110552435540061221, guid: 3472dc379ed1d8f4591a5ff9d2a829f3,
        type: 3}
      propertyPath: m_Textures0.Array.data[106].y
      value: -1.4330868
      objectReference: {fileID: 0}
    - target: {fileID: 1110552435540061221, guid: 3472dc379ed1d8f4591a5ff9d2a829f3,
        type: 3}
      propertyPath: m_Textures0.Array.data[107].x
      value: 4.4255724
      objectReference: {fileID: 0}
    - target: {fileID: 1110552435540061221, guid: 3472dc379ed1d8f4591a5ff9d2a829f3,
        type: 3}
      propertyPath: m_Textures0.Array.data[107].y
      value: -1.4298016
      objectReference: {fileID: 0}
    - target: {fileID: 1110552435540061221, guid: 3472dc379ed1d8f4591a5ff9d2a829f3,
        type: 3}
      propertyPath: m_Textures0.Array.data[116].x
      value: 0.60844636
      objectReference: {fileID: 0}
    - target: {fileID: 1110552435540061221, guid: 3472dc379ed1d8f4591a5ff9d2a829f3,
        type: 3}
      propertyPath: m_Textures0.Array.data[116].y
      value: -1.4336582
      objectReference: {fileID: 0}
    - target: {fileID: 1110552435540061221, guid: 3472dc379ed1d8f4591a5ff9d2a829f3,
        type: 3}
      propertyPath: m_Textures0.Array.data[117].x
      value: 0.60844636
      objectReference: {fileID: 0}
    - target: {fileID: 1110552435540061221, guid: 3472dc379ed1d8f4591a5ff9d2a829f3,
        type: 3}
      propertyPath: m_Textures0.Array.data[117].y
      value: -1.29133
      objectReference: {fileID: 0}
    - target: {fileID: 1110552435540061221, guid: 3472dc379ed1d8f4591a5ff9d2a829f3,
        type: 3}
      propertyPath: m_Textures0.Array.data[118].x
      value: 3.8175719
      objectReference: {fileID: 0}
    - target: {fileID: 1110552435540061221, guid: 3472dc379ed1d8f4591a5ff9d2a829f3,
        type: 3}
      propertyPath: m_Textures0.Array.data[118].y
      value: -1.4336582
      objectReference: {fileID: 0}
    - target: {fileID: 1110552435540061221, guid: 3472dc379ed1d8f4591a5ff9d2a829f3,
        type: 3}
      propertyPath: m_Textures0.Array.data[119].x
      value: 3.8175719
      objectReference: {fileID: 0}
    - target: {fileID: 1110552435540061221, guid: 3472dc379ed1d8f4591a5ff9d2a829f3,
        type: 3}
      propertyPath: m_Textures0.Array.data[119].y
      value: -1.29133
      objectReference: {fileID: 0}
    - target: {fileID: 1110552435540061221, guid: 3472dc379ed1d8f4591a5ff9d2a829f3,
        type: 3}
      propertyPath: m_Textures0.Array.data[134].x
      value: 3.9326642
      objectReference: {fileID: 0}
    - target: {fileID: 1110552435540061221, guid: 3472dc379ed1d8f4591a5ff9d2a829f3,
        type: 3}
      propertyPath: m_Textures0.Array.data[134].y
      value: -1.4336582
      objectReference: {fileID: 0}
    - target: {fileID: 1110552435540061221, guid: 3472dc379ed1d8f4591a5ff9d2a829f3,
        type: 3}
      propertyPath: m_Textures0.Array.data[135].x
      value: 3.9326642
      objectReference: {fileID: 0}
    - target: {fileID: 1110552435540061221, guid: 3472dc379ed1d8f4591a5ff9d2a829f3,
        type: 3}
      propertyPath: m_Textures0.Array.data[135].y
      value: -1.29133
      objectReference: {fileID: 0}
    - target: {fileID: 1110552435540061221, guid: 3472dc379ed1d8f4591a5ff9d2a829f3,
        type: 3}
      propertyPath: m_Textures0.Array.data[156].x
      value: -0.732184
      objectReference: {fileID: 0}
    - target: {fileID: 1110552435540061221, guid: 3472dc379ed1d8f4591a5ff9d2a829f3,
        type: 3}
      propertyPath: m_Textures0.Array.data[156].y
      value: -0.25421032
      objectReference: {fileID: 0}
    - target: {fileID: 1110552435540061221, guid: 3472dc379ed1d8f4591a5ff9d2a829f3,
        type: 3}
      propertyPath: m_Textures0.Array.data[157].x
      value: 1.1879585
      objectReference: {fileID: 0}
    - target: {fileID: 1110552435540061221, guid: 3472dc379ed1d8f4591a5ff9d2a829f3,
        type: 3}
      propertyPath: m_Textures0.Array.data[157].y
      value: -0.26969206
      objectReference: {fileID: 0}
    - target: {fileID: 1110552435540061221, guid: 3472dc379ed1d8f4591a5ff9d2a829f3,
        type: 3}
      propertyPath: m_Textures0.Array.data[158].x
      value: -0.75831884
      objectReference: {fileID: 0}
    - target: {fileID: 1110552435540061221, guid: 3472dc379ed1d8f4591a5ff9d2a829f3,
        type: 3}
      propertyPath: m_Textures0.Array.data[158].y
      value: -0.37018132
      objectReference: {fileID: 0}
    - target: {fileID: 1110552435540061221, guid: 3472dc379ed1d8f4591a5ff9d2a829f3,
        type: 3}
      propertyPath: m_Textures0.Array.data[159].x
      value: 1.2226973
      objectReference: {fileID: 0}
    - target: {fileID: 1110552435540061221, guid: 3472dc379ed1d8f4591a5ff9d2a829f3,
        type: 3}
      propertyPath: m_Textures0.Array.data[159].y
      value: -0.38291276
      objectReference: {fileID: 0}
    - target: {fileID: 1110552435540061221, guid: 3472dc379ed1d8f4591a5ff9d2a829f3,
        type: 3}
      propertyPath: m_Textures0.Array.data[184].x
      value: 2.7666888
      objectReference: {fileID: 0}
    - target: {fileID: 1110552435540061221, guid: 3472dc379ed1d8f4591a5ff9d2a829f3,
        type: 3}
      propertyPath: m_Textures0.Array.data[184].y
      value: -0.42486435
      objectReference: {fileID: 0}
    - target: {fileID: 1110552435540061221, guid: 3472dc379ed1d8f4591a5ff9d2a829f3,
        type: 3}
      propertyPath: m_Textures0.Array.data[185].x
      value: 0.8467165
      objectReference: {fileID: 0}
    - target: {fileID: 1110552435540061221, guid: 3472dc379ed1d8f4591a5ff9d2a829f3,
        type: 3}
      propertyPath: m_Textures0.Array.data[185].y
      value: -0.43861747
      objectReference: {fileID: 0}
    - target: {fileID: 1110552435540061221, guid: 3472dc379ed1d8f4591a5ff9d2a829f3,
        type: 3}
      propertyPath: m_Textures0.Array.data[186].x
      value: 2.8015027
      objectReference: {fileID: 0}
    - target: {fileID: 1110552435540061221, guid: 3472dc379ed1d8f4591a5ff9d2a829f3,
        type: 3}
      propertyPath: m_Textures0.Array.data[186].y
      value: -0.31250006
      objectReference: {fileID: 0}
    - target: {fileID: 1110552435540061221, guid: 3472dc379ed1d8f4591a5ff9d2a829f3,
        type: 3}
      propertyPath: m_Textures0.Array.data[187].x
      value: 0.82029855
      objectReference: {fileID: 0}
    - target: {fileID: 1110552435540061221, guid: 3472dc379ed1d8f4591a5ff9d2a829f3,
        type: 3}
      propertyPath: m_Textures0.Array.data[187].y
      value: -0.3237971
      objectReference: {fileID: 0}
    - target: {fileID: 1110552435540061221, guid: 3472dc379ed1d8f4591a5ff9d2a829f3,
        type: 3}
      propertyPath: m_Faces.Array.data[15].m_Uv.m_Scale.x
      value: 0.88
      objectReference: {fileID: 0}
    - target: {fileID: 1110552435540061221, guid: 3472dc379ed1d8f4591a5ff9d2a829f3,
        type: 3}
      propertyPath: m_Faces.Array.data[20].m_Uv.m_Scale.y
      value: 0.8
      objectReference: {fileID: 0}
    - target: {fileID: 1110552435540061221, guid: 3472dc379ed1d8f4591a5ff9d2a829f3,
        type: 3}
      propertyPath: m_Faces.Array.data[22].m_Uv.m_Scale.x
      value: 0.96
      objectReference: {fileID: 0}
    - target: {fileID: 1110552435540061221, guid: 3472dc379ed1d8f4591a5ff9d2a829f3,
        type: 3}
      propertyPath: m_Faces.Array.data[22].m_Uv.m_Scale.y
      value: 0.5
      objectReference: {fileID: 0}
    - target: {fileID: 1110552435540061221, guid: 3472dc379ed1d8f4591a5ff9d2a829f3,
        type: 3}
      propertyPath: m_Faces.Array.data[26].m_Uv.m_Scale.x
      value: 0.96
      objectReference: {fileID: 0}
    - target: {fileID: 1110552435540061221, guid: 3472dc379ed1d8f4591a5ff9d2a829f3,
        type: 3}
      propertyPath: m_Faces.Array.data[26].m_Uv.m_Scale.y
      value: 0.5
      objectReference: {fileID: 0}
    - target: {fileID: 1110552435540061221, guid: 3472dc379ed1d8f4591a5ff9d2a829f3,
        type: 3}
      propertyPath: m_Faces.Array.data[28].m_Uv.m_Scale.x
      value: 0.96
      objectReference: {fileID: 0}
    - target: {fileID: 1110552435540061221, guid: 3472dc379ed1d8f4591a5ff9d2a829f3,
        type: 3}
      propertyPath: m_Faces.Array.data[28].m_Uv.m_Scale.y
      value: 0.5
      objectReference: {fileID: 0}
    - target: {fileID: 1110552435540061221, guid: 3472dc379ed1d8f4591a5ff9d2a829f3,
        type: 3}
      propertyPath: m_Faces.Array.data[15].m_Uv.m_Offset.x
      value: -0.03
      objectReference: {fileID: 0}
    - target: {fileID: 1110552435540061221, guid: 3472dc379ed1d8f4591a5ff9d2a829f3,
        type: 3}
      propertyPath: m_Faces.Array.data[15].m_Uv.m_Offset.y
      value: -0.07
      objectReference: {fileID: 0}
    - target: {fileID: 1110552435540061221, guid: 3472dc379ed1d8f4591a5ff9d2a829f3,
        type: 3}
      propertyPath: m_Faces.Array.data[15].m_Uv.m_Rotation
      value: 90
      objectReference: {fileID: 0}
    - target: {fileID: 1110552435540061221, guid: 3472dc379ed1d8f4591a5ff9d2a829f3,
        type: 3}
      propertyPath: m_Faces.Array.data[17].m_Uv.m_Rotation
      value: 90
      objectReference: {fileID: 0}
    - target: {fileID: 1110552435540061221, guid: 3472dc379ed1d8f4591a5ff9d2a829f3,
        type: 3}
      propertyPath: m_Faces.Array.data[20].m_Uv.m_Offset.y
      value: -0.09
      objectReference: {fileID: 0}
    - target: {fileID: 1110552435540061221, guid: 3472dc379ed1d8f4591a5ff9d2a829f3,
        type: 3}
      propertyPath: m_Faces.Array.data[20].m_Uv.m_Rotation
      value: 90
      objectReference: {fileID: 0}
    - target: {fileID: 1110552435540061221, guid: 3472dc379ed1d8f4591a5ff9d2a829f3,
        type: 3}
      propertyPath: m_Faces.Array.data[21].m_Uv.m_Rotation
      value: 90
      objectReference: {fileID: 0}
    - target: {fileID: 1110552435540061221, guid: 3472dc379ed1d8f4591a5ff9d2a829f3,
        type: 3}
      propertyPath: m_Faces.Array.data[22].m_Uv.m_Offset.x
      value: 0
      objectReference: {fileID: 0}
    - target: {fileID: 1110552435540061221, guid: 3472dc379ed1d8f4591a5ff9d2a829f3,
        type: 3}
      propertyPath: m_Faces.Array.data[22].m_Uv.m_Offset.y
      value: -0.09
      objectReference: {fileID: 0}
    - target: {fileID: 1110552435540061221, guid: 3472dc379ed1d8f4591a5ff9d2a829f3,
        type: 3}
      propertyPath: m_Faces.Array.data[26].m_Uv.m_Offset.x
      value: 0
      objectReference: {fileID: 0}
    - target: {fileID: 1110552435540061221, guid: 3472dc379ed1d8f4591a5ff9d2a829f3,
        type: 3}
      propertyPath: m_Faces.Array.data[26].m_Uv.m_Offset.y
      value: -0.09
      objectReference: {fileID: 0}
    - target: {fileID: 1110552435540061221, guid: 3472dc379ed1d8f4591a5ff9d2a829f3,
        type: 3}
      propertyPath: m_Faces.Array.data[28].m_Uv.m_Offset.x
      value: 0
      objectReference: {fileID: 0}
    - target: {fileID: 1110552435540061221, guid: 3472dc379ed1d8f4591a5ff9d2a829f3,
        type: 3}
      propertyPath: m_Faces.Array.data[28].m_Uv.m_Offset.y
      value: -0.09
      objectReference: {fileID: 0}
    - target: {fileID: 1110552435540061221, guid: 3472dc379ed1d8f4591a5ff9d2a829f3,
        type: 3}
      propertyPath: m_Faces.Array.data[37].m_Uv.m_Rotation
      value: 90
      objectReference: {fileID: 0}
    - target: {fileID: 1110552435540061221, guid: 3472dc379ed1d8f4591a5ff9d2a829f3,
        type: 3}
      propertyPath: m_Faces.Array.data[44].m_Uv.m_Rotation
      value: 90
      objectReference: {fileID: 0}
    - target: {fileID: 1325426427472104201, guid: 3472dc379ed1d8f4591a5ff9d2a829f3,
        type: 3}
      propertyPath: m_Name
      value: Frame (Gallery Photograh)
      objectReference: {fileID: 0}
    - target: {fileID: 1325426427472104202, guid: 3472dc379ed1d8f4591a5ff9d2a829f3,
        type: 3}
      propertyPath: m_Mesh
      value: 
      objectReference: {fileID: 0}
    - target: {fileID: 1325426427472104309, guid: 3472dc379ed1d8f4591a5ff9d2a829f3,
        type: 3}
      propertyPath: m_Mesh
      value: 
      objectReference: {fileID: 0}
    - target: {fileID: 1325426427472104310, guid: 3472dc379ed1d8f4591a5ff9d2a829f3,
        type: 3}
      propertyPath: m_RootOrder
      value: 0
      objectReference: {fileID: 0}
    - target: {fileID: 1325426427472104310, guid: 3472dc379ed1d8f4591a5ff9d2a829f3,
        type: 3}
      propertyPath: m_LocalPosition.x
      value: 0
      objectReference: {fileID: 0}
    - target: {fileID: 1325426427472104310, guid: 3472dc379ed1d8f4591a5ff9d2a829f3,
        type: 3}
      propertyPath: m_LocalPosition.y
      value: 0
      objectReference: {fileID: 0}
    - target: {fileID: 1325426427472104310, guid: 3472dc379ed1d8f4591a5ff9d2a829f3,
        type: 3}
      propertyPath: m_LocalPosition.z
      value: 0
      objectReference: {fileID: 0}
    - target: {fileID: 1325426427472104310, guid: 3472dc379ed1d8f4591a5ff9d2a829f3,
        type: 3}
      propertyPath: m_LocalRotation.w
      value: 1
      objectReference: {fileID: 0}
    - target: {fileID: 1325426427472104310, guid: 3472dc379ed1d8f4591a5ff9d2a829f3,
        type: 3}
      propertyPath: m_LocalRotation.x
      value: 0
      objectReference: {fileID: 0}
    - target: {fileID: 1325426427472104310, guid: 3472dc379ed1d8f4591a5ff9d2a829f3,
        type: 3}
      propertyPath: m_LocalRotation.y
      value: 0
      objectReference: {fileID: 0}
    - target: {fileID: 1325426427472104310, guid: 3472dc379ed1d8f4591a5ff9d2a829f3,
        type: 3}
      propertyPath: m_LocalRotation.z
      value: 0
      objectReference: {fileID: 0}
    - target: {fileID: 1325426427472104310, guid: 3472dc379ed1d8f4591a5ff9d2a829f3,
        type: 3}
      propertyPath: m_LocalEulerAnglesHint.x
      value: 0
      objectReference: {fileID: 0}
    - target: {fileID: 1325426427472104310, guid: 3472dc379ed1d8f4591a5ff9d2a829f3,
        type: 3}
      propertyPath: m_LocalEulerAnglesHint.y
      value: 0
      objectReference: {fileID: 0}
    - target: {fileID: 1325426427472104310, guid: 3472dc379ed1d8f4591a5ff9d2a829f3,
        type: 3}
      propertyPath: m_LocalEulerAnglesHint.z
      value: 0
      objectReference: {fileID: 0}
    - target: {fileID: 3204683516271339934, guid: 3472dc379ed1d8f4591a5ff9d2a829f3,
        type: 3}
      propertyPath: m_RootOrder
      value: 1
      objectReference: {fileID: 0}
    - target: {fileID: 3204683516271339934, guid: 3472dc379ed1d8f4591a5ff9d2a829f3,
        type: 3}
      propertyPath: m_LocalPosition.z
      value: -0.02
      objectReference: {fileID: 0}
    - target: {fileID: 3381021794725248319, guid: 3472dc379ed1d8f4591a5ff9d2a829f3,
        type: 3}
      propertyPath: m_Layer
      value: 17
      objectReference: {fileID: 0}
    - target: {fileID: 5475920456652409454, guid: 3472dc379ed1d8f4591a5ff9d2a829f3,
        type: 3}
      propertyPath: m_SelectedEdges.Array.size
      value: 0
      objectReference: {fileID: 0}
    - target: {fileID: 5475920456652409454, guid: 3472dc379ed1d8f4591a5ff9d2a829f3,
        type: 3}
      propertyPath: m_SelectedFaces.Array.size
      value: 0
      objectReference: {fileID: 0}
    - target: {fileID: 5475920456652409454, guid: 3472dc379ed1d8f4591a5ff9d2a829f3,
        type: 3}
      propertyPath: m_Textures0.Array.data[0].x
      value: 1.0000019
      objectReference: {fileID: 0}
    - target: {fileID: 5475920456652409454, guid: 3472dc379ed1d8f4591a5ff9d2a829f3,
        type: 3}
      propertyPath: m_Textures0.Array.data[0].y
      value: -0.0019296408
      objectReference: {fileID: 0}
    - target: {fileID: 5475920456652409454, guid: 3472dc379ed1d8f4591a5ff9d2a829f3,
        type: 3}
      propertyPath: m_Textures0.Array.data[1].x
      value: 0.0000019073486
      objectReference: {fileID: 0}
    - target: {fileID: 5475920456652409454, guid: 3472dc379ed1d8f4591a5ff9d2a829f3,
        type: 3}
      propertyPath: m_Textures0.Array.data[1].y
      value: -0.0019296408
      objectReference: {fileID: 0}
    - target: {fileID: 5475920456652409454, guid: 3472dc379ed1d8f4591a5ff9d2a829f3,
        type: 3}
      propertyPath: m_Textures0.Array.data[2].x
      value: 1.0000019
      objectReference: {fileID: 0}
    - target: {fileID: 5475920456652409454, guid: 3472dc379ed1d8f4591a5ff9d2a829f3,
        type: 3}
      propertyPath: m_Textures0.Array.data[2].y
      value: 0.99807036
      objectReference: {fileID: 0}
    - target: {fileID: 5475920456652409454, guid: 3472dc379ed1d8f4591a5ff9d2a829f3,
        type: 3}
      propertyPath: m_Textures0.Array.data[3].x
      value: 0.0000019073486
      objectReference: {fileID: 0}
    - target: {fileID: 5475920456652409454, guid: 3472dc379ed1d8f4591a5ff9d2a829f3,
        type: 3}
      propertyPath: m_Textures0.Array.data[3].y
      value: 0.99807036
      objectReference: {fileID: 0}
    - target: {fileID: 5475920456652409454, guid: 3472dc379ed1d8f4591a5ff9d2a829f3,
        type: 3}
      propertyPath: m_SelectedVertices.Array.size
      value: 0
      objectReference: {fileID: 0}
    - target: {fileID: 5475920456652409454, guid: 3472dc379ed1d8f4591a5ff9d2a829f3,
        type: 3}
      propertyPath: m_SelectedEdges.Array.data[0].b
      value: 1
      objectReference: {fileID: 0}
    - target: {fileID: 5475920456652409454, guid: 3472dc379ed1d8f4591a5ff9d2a829f3,
        type: 3}
      propertyPath: m_SelectedEdges.Array.data[1].a
      value: 2
      objectReference: {fileID: 0}
    - target: {fileID: 5475920456652409454, guid: 3472dc379ed1d8f4591a5ff9d2a829f3,
        type: 3}
      propertyPath: m_SelectedEdges.Array.data[2].a
      value: 1
      objectReference: {fileID: 0}
    - target: {fileID: 5475920456652409454, guid: 3472dc379ed1d8f4591a5ff9d2a829f3,
        type: 3}
      propertyPath: m_SelectedEdges.Array.data[2].b
      value: 3
      objectReference: {fileID: 0}
    - target: {fileID: 5475920456652409454, guid: 3472dc379ed1d8f4591a5ff9d2a829f3,
        type: 3}
      propertyPath: m_SelectedEdges.Array.data[3].a
      value: 3
      objectReference: {fileID: 0}
    - target: {fileID: 5475920456652409454, guid: 3472dc379ed1d8f4591a5ff9d2a829f3,
        type: 3}
      propertyPath: m_SelectedEdges.Array.data[3].b
      value: 2
      objectReference: {fileID: 0}
    - target: {fileID: 5475920456652409454, guid: 3472dc379ed1d8f4591a5ff9d2a829f3,
        type: 3}
      propertyPath: m_SelectedVertices.Array.data[1]
      value: 1
      objectReference: {fileID: 0}
    - target: {fileID: 5475920456652409454, guid: 3472dc379ed1d8f4591a5ff9d2a829f3,
        type: 3}
      propertyPath: m_SelectedVertices.Array.data[2]
      value: 2
      objectReference: {fileID: 0}
    - target: {fileID: 5475920456652409454, guid: 3472dc379ed1d8f4591a5ff9d2a829f3,
        type: 3}
      propertyPath: m_SelectedVertices.Array.data[3]
      value: 3
      objectReference: {fileID: 0}
    - target: {fileID: 5475920456652409454, guid: 3472dc379ed1d8f4591a5ff9d2a829f3,
        type: 3}
      propertyPath: m_Faces.Array.data[0].m_Uv.m_Fill
      value: 2
      objectReference: {fileID: 0}
    - target: {fileID: 5475920456652409454, guid: 3472dc379ed1d8f4591a5ff9d2a829f3,
        type: 3}
      propertyPath: m_Faces.Array.data[0].m_Uv.m_Offset.x
      value: -0.5
      objectReference: {fileID: 0}
    - target: {fileID: 5475920456652409454, guid: 3472dc379ed1d8f4591a5ff9d2a829f3,
        type: 3}
      propertyPath: m_Faces.Array.data[0].m_Uv.m_Offset.y
      value: -0.39
      objectReference: {fileID: 0}
    - target: {fileID: 6077812380505075046, guid: 3472dc379ed1d8f4591a5ff9d2a829f3,
        type: 3}
      propertyPath: m_Layer
      value: 17
      objectReference: {fileID: 0}
    m_RemovedComponents: []
  m_SourcePrefab: {fileID: 100100000, guid: 3472dc379ed1d8f4591a5ff9d2a829f3, type: 3}
--- !u!1 &3048644217321192438 stripped
GameObject:
  m_CorrespondingSourceObject: {fileID: 1325426427472104201, guid: 3472dc379ed1d8f4591a5ff9d2a829f3,
    type: 3}
  m_PrefabInstance: {fileID: 4047092928002765055}
  m_PrefabAsset: {fileID: 0}
--- !u!23 &3906781541109374762 stripped
MeshRenderer:
  m_CorrespondingSourceObject: {fileID: 1017114842961096661, guid: 3472dc379ed1d8f4591a5ff9d2a829f3,
    type: 3}
  m_PrefabInstance: {fileID: 4047092928002765055}
  m_PrefabAsset: {fileID: 0}
--- !u!1 &1639843510170029504 stripped
GameObject:
  m_CorrespondingSourceObject: {fileID: 3381021794725248319, guid: 3472dc379ed1d8f4591a5ff9d2a829f3,
    type: 3}
  m_PrefabInstance: {fileID: 4047092928002765055}
  m_PrefabAsset: {fileID: 0}
--- !u!4 &3048644217321192329 stripped
Transform:
  m_CorrespondingSourceObject: {fileID: 1325426427472104310, guid: 3472dc379ed1d8f4591a5ff9d2a829f3,
    type: 3}
  m_PrefabInstance: {fileID: 4047092928002765055}
  m_PrefabAsset: {fileID: 0}
